2428 2915
1204 132 1241 188 4

172 279 209 317 in
239 279 327 331 ipso
365 292 431 325 eo,
459 281 524 332 qui
552 292 574 317 a
602 284 709 331 tergo
739 282 774 319 ei
803 281 1045 328 imminebat,
1076 284 1240 334 pariete,
1278 285 1337 322 cui
1366 287 1507 323 scenae
1535 287 1615 321 erat
1642 293 1792 320 nomeu.
1849 282 2160 320 Consentaneum
2187 287 2262 339 est,

172 355 242 391 per
269 342 357 378 illas
386 342 542 378 chorum
573 345 750 387 intrasse,
780 345 854 380 has
882 345 1136 382 histrionibus
1160 348 1327 387 maxime
1355 350 1549 396 patuisse,
1579 360 1702 397 neque
1730 350 1857 383 tamen
1886 345 1985 383 adeo
2014 345 2179 395 simplex
2202 349 2266 383 est

173 416 256 447 res;
284 403 411 440 Julius
440 405 541 441 enim
565 405 717 450 Pollux,
747 407 812 457 qui
833 406 1034 445 Commodi
1063 409 1304 458 imperatoris
1327 410 1421 447 vixit
1442 408 1690 460 temporibus,
1717 407 1948 446 luculentum
1975 405 2091 446 nobis
2113 407 2266 459 reliquit

172 466 433 504 testimonium
471 467 696 513 (Onomast.
725 468 793 515 IV,
823 466 886 516 19,
917 467 1032 516 127),
1071 470 1258 508 interdum
1294 471 1411 511 etiam
1444 472 1585 510 factum
1622 484 1733 517 esse,
1761 474 1803 509 ut
1836 482 1905 521 per
1940 468 2172 520 orchestram
2209 469 2264 507 hi-

173 529 341 566 striones
370 530 570 575 intrarent,
607 533 667 569 cui
696 534 751 570 rei
784 533 895 584 ipsae
931 534 1063 570 scalae
1091 546 1138 571 ex
1167 533 1365 581 orchestra
1402 535 1440 571 in
1478 536 1720 585 proscenium
1758 535 1943 571 ducentes
1975 537 2140 583 possunt
2173 545 2264 570 esse

172 593 410 629 testimonio.
468 593 544 630 His
572 595 725 633 innixus
753 598 988 646 argumentis
1015 600 1102 633 ante
1132 596 1204 633 hos
1234 583 1313 634 fere
1341 597 1491 646 triginta
1520 585 1643 635 annos
1672 596 1937 642 Genellius,
1952 585 2018 634 ⁸vii·
2037 595 2265 645 ingeniosis-

174 655 317 700 simus,
355 656 392 693 in
428 669 488 701 eo,
524 670 637 708 quem
674 658 723 697 de
757 657 874 698 rebus
902 660 1071 698 scenicis
1096 663 1266 698 veterum
1295 661 1546 711 conscripsit,
1576 659 1671 699 libro
1700 660 1922 713 plerumque
1950 672 2019 716 per
2045 657 2265 698 orchestrae

174 717 307 768 portas
337 719 546 758 histriones
574 721 760 767 intrasse,
790 724 880 774 quin
910 736 1084 774 magnam
1121 735 1238 773 saepe
1274 723 1494 773 tragoediae
1531 727 1677 773 partem
1714 724 1751 761 in
1788 724 1877 774 ipsa
1911 722 2106 763 οιῶὀεῒη
2142 725 2265 759 actam

175 783 321 820 statuit.
388 782 502 820 Hunc
538 785 681 830 secuti,
726 798 841 839 quum
876 786 999 825 tribus
1033 787 1172 825 abhinc
1206 787 1320 824 annis
1354 787 1548 836 Antigone
1590 787 1707 837 jussu
1742 786 1846 836 regis
1879 773 2135 833 Borussorum
2171 786 2265 823 artis

177 847 431 883 amantissimi
470 847 509 884 in
543 860 699 886 scenam
736 854 996 895 revocaretur,
1034 864 1100 901 per
1136 849 1368 887 orchestram
1403 851 1440 887 in
1477 850 1719 899 proscenium
1755 848 1965 887 histriones
1999 848 2264 887 ascenderunt.

176 908 313 946 Laesit
339 913 466 946 tamen
493 922 539 947 ea
567 924 630 948 res
658 925 680 949 a
709 917 839 950 nostra
876 914 1153 950 consuetudine
1188 911 1419 957 abhorrens,
1459 926 1532 950 non
1571 913 1689 950 virum
1718 912 1884 963 aliquem
1922 912 2159 962 imperitum,
2194 912 2266 951 sed

178 972 289 1021 ipsos
317 972 421 1009 viros
450 972 722 1022 doctissimos,
759 989 783 1014 e
810 976 950 1027 quibus
979 976 1250 1013 Tolkenius
1275 975 1313 1021 *)
1344 988 1418 1013 non
1447 974 1633 1013 dubitavit
1660 974 1865 1020 affirmare,
1903 975 2016 1013 inane
2043 975 2138 1015 illud
2175 987 2265 1014 esse

178 1039 452 1079 commentum,
491 1039 530 1075 et
565 1038 759 1087 vulgarem
794 1040 987 1077 introitum
1024 1039 1201 1088 patuisse
1239 1036 1491 1076 histrionibus
1536 1041 1691 1089 propter
1725 1049 1960 1079 versutarum
1996 1037 2151 1092 itinera,
2194 1049 2266 1075 nos

180 1096 396 1135 diceremus
428 1098 644 1138 Coulissas.
713 1101 1007 1140 Assentientem
1051 1100 1184 1139 habuit
1214 1099 1512 1146 Bockhium,
1556 1101 1676 1138 virum
1719 1099 2022 1138 illustrissimum
2058 1094 2100 1141 et
2134 1099 2264 1137 harum

179 1173 302 1198 rerum
331 1161 505 1210 inprimis
534 1176 710 1212 gnarum,
739 1166 803 1216 qui
832 1165 945 1203 facile
974 1165 1093 1203 everti
1120 1176 1240 1215 posse
1265 1164 1371 1203 illum
1399 1163 1572 1207 Pollucis
1599 1164 1725 1208 locum
1750 1161 1951 1201 affirmavit
1962 1176 2016 1214 p.
2042 1160 2108 1202 80.
2149 1163 2267 1201 Miror

178 1222 377 1272 placuisse
405 1224 498 1262 viris
527 1225 766 1264 doctissimis
795 1226 944 1277 pulchri
978 1227 1143 1279 quodam
1169 1238 1290 1266 sensu
1324 1226 1451 1265 ductis
1478 1238 1660 1276 spernere
1694 1229 1733 1263 et
1757 1224 1925 1277 abjicere
1960 1230 2126 1264 veterum
2160 1227 2265 1264 testi-

177 1287 320 1333 monia,
350 1286 491 1338 quibus
519 1289 619 1327 solis
645 1294 771 1328 tamen
802 1294 932 1328 nostra
959 1290 1090 1329 harum
1119 1303 1240 1329 rerum
1269 1291 1398 1328 nititur
1424 1290 1606 1333 scientia,
1645 1301 1742 1340 quae
1775 1290 1810 1326 si
1837 1291 2047 1339 temporum
2083 1290 2265 1340 iniquitas

179 1348 399 1394 hausisset,
441 1363 554 1402 quam
596 1352 818 1389 ardentibus
858 1353 1116 1403 flagitaremus
1157 1353 1345 1404 querelis!
1416 1353 1531 1399 Quod
1573 1353 1608 1388 si
1650 1352 1835 1389 fecissent
1873 1353 2103 1390 necessitate
2139 1352 2266 1402 aliqua

179 1414 302 1449 coacti
325 1413 397 1458 Η),
426 1426 488 1451 me
516 1415 840 1459 facilehaberent
861 1418 1156 1454 assentientem:
1185 1417 1246 1453 sin
1276 1416 1371 1453 nihil
1401 1416 1475 1452 nisi
1497 1415 1668 1465 speciem
1693 1427 1881 1467 suumque
1908 1414 2057 1466 pulchri
2081 1414 2264 1465 judicium

179 1476 302 1513 secuti
331 1479 441 1521 sunt,
479 1478 670 1516 neminem
699 1479 794 1528 fugit
822 1479 1015 1529 profecto,
1050 1491 1161 1531 quam
1199 1480 1317 1518 arctis
1342 1477 1492 1528 legibus
1528 1481 1679 1516 veteres
1705 1477 1835 1516 multis
1870 1478 1908 1515 in
1937 1475 2052 1515 rebus
2086 1478 2148 1517 usi
2175 1479 2264 1522 sint,

180 1550 278 1590 quas
306 1551 378 1576 nos
407 1552 480 1576 non
510 1541 682 1579 solemus
711 1542 761 1579 ad
789 1546 865 1579 tam
901 1546 1004 1580 certa
1032 1545 1237 1592 praecepta
1265 1553 1456 1580 revocare.
1513 1541 1621 1578 Satis
1657 1541 1728 1578 erit
1763 1552 1842 1577 rem
1877 1541 2070 1577 metricam
2106 1552 2265 1579 comme·

178 1614 373 1647 morasse,
401 1607 440 1640 et
467 1606 746 1653 tragoediarum
782 1605 1068 1643 scribendarum
1096 1605 1205 1654 leges
1234 1605 1419 1656 quasdam
1449 1605 1566 1642 videri
1594 1605 1632 1642 in
1661 1603 1870 1654 Aeschyli,
1900 1603 2131 1654 Sophoclis,
2153 1602 2265 1642 Euri-

179 1665 362 1716 pidisque
392 1665 550 1705 familiis
578 1680 599 1705 a
628 1672 738 1718 patre
775 1668 866 1706 tiliis
896 1668 1008 1719 quasi
1036 1681 1104 1718 per
1138 1680 1274 1705 manus
1309 1680 1401 1706 esse
1426 1667 1586 1705 traditas
1620 1667 1884 1717 (Geppert,
1913 1667 1950 1704 d.
1978 1667 2085 1716 altgr.
2115 1666 2266 1712 Biihne,

180 1741 220 1777 p.
246 1724 360 1773 fflb),
389 1730 478 1780 quin
509 1743 583 1767 non
612 1731 830 1781 placuisse,
866 1735 909 1768 ut
935 1744 1034 1768 unus
1061 1732 1117 1768 vir
1144 1732 1180 1767 in
1209 1727 1383 1781 pluribus
1417 1732 1620 1768 carminum
1659 1729 1861 1780 generibus
1895 1729 2128 1776 elaborare-13
2164 1731 2266 1782 quod

182 1792 271 1841 quis
307 1791 462 1828 tandem
500 1793 621 1840 fugiet
659 1797 869 1831 nostrorum
904 1795 1126 1842 poetarum?
1183 1794 1311 1840 Quare
1345 1792 1475 1831 licebit
1509 1794 1627 1831 tantis
1661 1793 1753 1830 viris
1787 1793 2107 1831 contradicentem
2135 1793 2266 1831 laesae

181 1853 436 1893 verecundiae
464 1854 604 1893 crimen
635 1854 800 1907 effugere
828 1860 867 1894 et
894 1857 1119 1924 commode·
1119 1855 1269 1901 accidit,
1299 1856 1402 1908 quod
1432 1856 1651 1907 Geppertus
1678 1856 1826 1906 majore
1853 1853 1948 1893 libro
1978 1855 2015 1893 in
2042 1858 2160 1894 totam
2187 1867 2266 1893 rem

180 1917 374 1955 scenicam
404 1921 574 1956 veterum
603 1919 826 1970 inquirendo
855 1920 933 1965 (die
961 1899 1257 1977 εἰῐςτίοςὶκεὼε
1284 1918 1445 1964 Biihne,
1473 1915 1775 1969 Leipz.1843,)
1804 1917 1880 1956 hoc
1908 1930 1980 1956 nos
2018 1932 2132 1956 onere
2167 1919 2266 1956 leva-

178 1980 244 2018 vit.
303 1980 381 2029 Qui
416 1984 458 2019 ut
483 1981 662 2020 modeste
696 1984 869 2033 negavit,
905 1987 1014 2022 caute
1049 1983 1271 2027 affirmavit,
1302 1982 1356 2020 ita
1387 1986 1427 2023 et
1454 1983 1541 2032 ipse
1576 1981 1691 2019 velim
1719 1981 1859 2019 factum
1895 1985 1934 2017 et
1962 1982 1999 2018 in
2029 1982 2115 2026 illa,
2153 1993 2266 2032 quam

179 2047 268 2082 ante
298 2043 374 2082 hoc
399 2043 597 2082 biennium
626 2045 746 2092 edidi,
767 2046 1036 2085 dissertatione
1065 2050 1103 2084 et
1132 2048 1168 2083 in
1193 2046 1269 2090 his,
1299 2058 1398 2098 quae
1425 2058 1525 2082 nunc
1545 2044 1683 2087 scribo.
1726 2045 1838 2092 Quae
1859 2048 1937 2081 tum
1962 2042 2151 2094 reperisse
2172 2045 2264 2082 mihi

179 2108 289 2147 visus
316 2120 414 2154 sum,
442 2112 581 2155 teneo;
611 2122 712 2147 nunc
737 2112 865 2149 autem
893 2110 931 2149 id
960 2122 1203 2162 quaeramus,
1233 2110 1272 2161 in
1300 2107 1470 2147 dramate
1506 2108 1671 2146 actionis
1705 2106 1954 2158 plenissimo,
1990 2106 2265 2160 ubiplurimos

180 2171 256 2208 huc
284 2172 382 2208 illuc*
402 2172 537 2210 videas
567 2177 844 2218 commeantes,
872 2178 994 2211 utrum
1023 2175 1281 2211 necessarium
1310 2173 1363 2210 sit
1390 2176 1571 2215 statuere,
1598 2170 1730 2221 plures
1757 2172 1871 2209 etiam
1901 2172 2044 2217 fuisse,
2072 2173 2141 2222 μοι·
2168 2185 2265 2223 quas

181 2233 389 2274 histriones
417 2240 675 2274 commearent
701 2239 848 2287 portas.
902 2235 993 2287 lpse
1022 2236 1239 2287 Geppertus
1272 2236 1422 2273 videtur
1456 2235 1708 2285 desperasse,
1741 2247 1862 2284 posse
1891 2247 2043 2279 omnes,
2076 2247 2174 2285 quae
2203 2235 2265 2272 hic

181 2302 542 2352 commemorantur,
581 2300 665 2337 vias
701 2300 752 2337 ad
790 2299 892 2337 hunc
929 2312 1123 2338 numerum
1158 2299 1327 2338 revocari
1354 2312 1393 2349 p.
1424 2295 1522 2336 124:
1559 2297 1810 2341 examinanda
1843 2301 1969 2336 tamen
2006 2310 2068 2336 res
2104 2298 2262 2336 videtur.

222 2458 263 2500 ⁸]
287 2459 393 2491 Ueber
404 2459 453 2491 die
464 2458 624 2500 Antigone
636 2459 693 2491 des
707 2459 881 2502 Sophocles
905 2458 1305 2501 dreiAbhandlungenvon
1325 2458 1480 2500 nocht»,
1499 2457 1598 2490 'rolk
1609 2468 1653 2490 en
1673 2458 1735 2490 und
1752 2459 1936 2491 Forster.
1960 2456 2034 2489 Berl
2061 2453 2154 2488 lm.
2168 2466 2196 2498 p.
2208 2454 2263 2489 55.

200 2512 264 2554 ⁸¹0
287 2513 513 2545 Tolkonius
537 2512 566 2544 si
590 2513 631 2544 sd
656 2513 837 2545 Vitruvium
860 2517 974 2545 testem
996 2517 1159 2554 provocat,
1182 2514 1296 2545 oblitus
1315 2517 1377 2553 est,
1401 2514 1482 2543 hunc
1505 2523 1542 2543 eo
1565 2514 1633 2553 ipso
1657 2514 1726 2544 loeo
1752 2513 1790 2543 de
1806 2514 2023 2543 Romanorum
2045 2510 2150 2542 dicere
2169 2511 2264 2541 thes-

287 2571 349 2609 tro,
373 2567 421 2609 qui
443 2577 535 2617 quum
557 2567 619 2600 alio
643 2568 735 2599 modo
758 2571 982 2600 construerent
1010 2567 1208 2608 proscenium
1233 2569 1265 2600 et
1284 2571 1472 2609 praeterea,
1497 2568 1662 2599 orchestra
1684 2577 1743 2609 per
1765 2569 1946 2598 senatorum
1977 2564 2074 2597 sellas
2098 2566 2263 2611 οοψιη,

287 2623 419 2663 utroque
444 2621 541 2663 aditu,
562 2622 612 2664 qui
637 2621 777 2653 Graecis
798 2621 1004 2653 histrionibus
1034 2621 1104 2651 hino
1129 2622 1269 2664 patebat,
1304 2632 1381 2654 suos
1405 2622 1668 2663 intercluderent,
1700 2621 1794 2652 alium
1827 2619 1878 2651 his
1903 2622 2031 2661 propter
2063 2619 2263 2663 vermnqm

223 2670 225 2673 ’
242 2668 244 2670 ’
284 2675 398 2707 itinera
419 2676 566 2706 videntur
588 2675 806 2707 concessisse.
