2428 2915
1201 73 1237 128 8

174 226 224 264 ad
252 227 365 276 cujus
394 224 468 262 loci
506 223 795 262 similitudinem
824 223 991 262 fortasse
1026 236 1096 262 sua
1134 225 1326 275 expressit
1354 225 1589 277 Sophocles.
1642 228 1779 268 Limen
1814 233 1940 269 autem
1972 233 2080 282 patet
2110 232 2262 273 modice

174 301 290 341 supra
318 288 443 326 solum
472 287 616 332 extolli,
646 299 762 339 quare
785 288 928 325 multos
957 287 1131 325 videmus
1158 287 1261 338 apud
1284 287 1492 328 Homemm
1522 290 1560 328 in
1589 290 1719 330 limine
1746 292 1995 336 considentes
2023 292 2174 343 Q-K,
2193 280 2261 342 ἃ,

173 355 221 397 Ρ,
249 349 343 397 339,
371 352 460 403 quin
490 363 564 387 non
595 351 720 388 solum
749 352 1081 395 transcendentes,
1110 351 1178 388 sed
1207 353 1466 392 ascendentes
1494 355 1631 399 etiam;
1670 356 1728 401 X,
1758 355 1786 394 2
1811 350 1924 396 ἆλτο
1962 354 2082 396 δ’ἐπὶ
2105 355 2260 409 μέγαν

172 410 330 461 οὐδόν,
359 418 397 453 et
419 413 716 458 descendentes,
745 416 801 460 A,
822 410 903 452 680
919 410 1012 453 ⁴miv
1038 411 1086 453 δὲ
1114 409 1213 452 κατ’
1245 411 1388 455 oddo&
1416 411 1582 464 βάντα.
1625 417 1739 455 Haud
1761 419 1839 457 alta
1860 420 1971 469 igitur
1990 424 2072 459 erat
2092 419 2260 472 lapidum

172 484 300 518 strues
328 483 367 516 et
394 478 586 527 regionem
617 479 721 521 eam‘,
751 489 863 527 quam
893 477 1004 515 nefas
1033 481 1113 515 erat
1140 476 1300 522 caicari,
1337 481 1469 516 totam'
1491 478 1686 528 cingebat,
1720 481 1854 519 Schol.
1883 496 1917 519 v.
1948 480 2037 521 186.
2092 484 2260 525 τοῦτον

169 541 218 582 δὲ
247 538 329 581 τὸν
359 538 525 590 πέτρον
553 535 824 579 ὑποτίθεται
851 540 935 578 τοῦ
962 535 1144 590 ἀβάτου
1173 535 1305 587 ὅρων
1342 551 1462 586 „saxa
1490 541 1587 579 haec
1622 542 1728 592 fingit
1754 545 1960 584 sanctuarii
1987 558 2079 585 esse
2107 546 2259 586 finem.“

170 609 346 657 Apparet
373 606 487 648 enim,
515 609 557 641 ut
585 608 718 653 portae
748 603 863 639 limen
893 616 967 640 non
995 605 1122 653 possit
1147 603 1306 641 ulterius
1334 617 1445 655 quam
1469 616 1491 640 a
1513 604 1693 653 postibus
1721 606 1771 643 ad
1793 610 1931 656 postes
1957 609 2110 657 porrigi,
2137 613 2259 648 terrae

172 670 340 722 alicujus
370 668 484 707 limen
512 670 631 706 totam
660 666 825 715 cingere,
854 678 929 718 qua
957 665 1084 704 aditus
1109 665 1157 704 ad
1184 678 1267 704 eam
1295 669 1414 717 patet,
1444 670 1482 705 et
1510 667 1562 705 ita
1590 667 1699 718 sepis
1733 671 1800 706 aut
1825 668 1915 707 vassi
1944 683 2035 709 esse
2063 671 2161 710 loco.
2203 672 2267 711 Ita-

171 735 323 772 demum
351 736 466 783 poeta
494 744 530 768 v.
560 728 612 767 18
642 729 744 781 ioqui
773 732 919 779 potest,
948 729 997 767 de
1025 730 1093 773 iis,
1129 740 1225 781 quae
1253 729 1349 766 intra
1379 729 1473 767 iliud
1502 729 1614 768 limen
1644 730 1723 768 sint
1749 734 1788 769 et
1815 730 1946 769 itidem
1983 745 2016 770 v.
2049 729 2146 780 1873
2185 735 2258 772 nisi

172 798 274 850 quod
312 797 387 834 hoc
415 796 500 832 loco
538 793 680 830 chorus
717 796 821 829 extra
859 805 995 829 nemus
1032 797 1159 836 stans,
1195 804 1294 843 quae
1330 796 1435 831 trans
1463 794 1564 831 illam
1593 798 1734 831 struem
1771 798 1878 839 sunt,
1914 795 2006 832 dicit
2038 808 2129 834 esse
2166 794 2257 839 ἔξω

171 857 379 911 βήματος
403 854 695 904 ἀντιπέτρου,
725 868 823 907 quae
852 855 986 893 eadem
1015 856 1206 905 Antigone
1234 856 1309 894 alia
1337 857 1483 894 ratione
1510 856 1620 894 ducta
1649 871 1682 894 v.
1715 853 1765 894 18
1790 855 1893 895 εἴσω
1921 863 2133 897 vocaverat.
2177 861 2257 898 Sed

170 929 259 961 ante
289 924 414 960 omnia
451 920 526 957 hoc
555 933 630 957 non
660 923 722 956 est
748 918 1037 968 negligendum,
1074 919 1244 969 conspici
1281 920 1501 956 necessario
1531 919 1695 972 aliquam
1724 920 1838 957 modo
1878 920 1980 959 illius
2009 921 2150 960 liminis
2175 933 2257 973 par-

170 993 260 1032 tem,
290 986 392 1038 quod
421 985 610 1023 aheneum
641 982 847 1026 vocabant,
882 982 994 1019 aliam
1026 995 1099 1019 non
1128 994 1217 1019 esse
1246 983 1283 1019 in
1313 986 1523 1031 conspectu
1556 984 1691 1026 sitam,
1726 983 1775 1020 de
1803 997 1877 1034 qua
1906 989 1995 1033 post
2029 985 2255 1022 videbimus.

169 1047 388 1099 '‘Epewua
416 1045 620 1096 Αθηνῶν
649 1048 823 1084 vocatum
852 1057 943 1083 esse
972 1045 1124 1083 miratur
1148 1043 1370 1083 Wunderus
1397 1043 1471 1083 hoc
1499 1044 1626 1090 limen,
1655 1045 1874 1097 rejectaque
1900 1046 2066 1096 Reisigii
2094 1047 2255 1086 mirabili

171 1108 377 1156 sententia,
404 1111 537 1148 Enarr.
568 1108 787 1152 XXXVIII,
816 1120 884 1158 per
911 1107 1240 1144 anachronismum
1269 1107 1458 1158 quendam
1486 1107 1534 1144 ab
1563 1108 1688 1158 ipsius
1720 1112 1859 1158 poetae
1895 1108 2131 1159 temporibus
2159 1107 2256 1149 haec

170 1177 320 1229 repetit.
363 1175 523 1212 Poterat
549 1172 623 1210 hac
650 1172 871 1221 conjectura
898 1171 1161 1220 supersedere.
1208 1171 1397 1220 Respexit
1426 1172 1525 1208 enim
1548 1171 1678 1221 procul
1706 1169 1821 1209 dubio
1850 1176 1965 1222 poeta
1992 1172 2042 1209 ad
2070 1185 2129 1218 ea,
2157 1185 2256 1224 quae

169 1244 326 1291 recepto
353 1236 609 1276 Eumenidum
639 1235 741 1272 cultu
769 1234 942 1272 Minerva
971 1232 1053 1271 urbi
1083 1232 1352 1271 conciliaverat
1379 1233 1596 1271 commoda:
1625 1232 1772 1271 Aesch.·
1792 1233 1902 1272 Eum.
1921 1231 2002 1272 938
2028 1248 2128 1287 sqq„
2156 1248 2255 1286 quae

168 1304 218 1343 ab
247 1304 413 1342 Orestae
442 1300 594 1352 quidem
633 1297 868 1347 temporibus
905 1310 978 1333 non
1013 1300 1162 1346 poterat
1189 1295 1410 1345 Sophocles
1443 1300 1636 1347 repetere,
1676 1295 1712 1333 ni
1747 1309 1768 1334 a
1804 1296 1943 1334 fabuiis
1977 1298 2091 1348 plane
2128 1298 2252 1336 aliena

168 1371 274 1406 esset
302 1371 514 1416 temporum
544 1364 651 1400 ratio.
709 1361 790 1399 Sed
816 1360 865 1397 ad
893 1358 1126 1408 tragoediam
1154 1362 1215 1396 est
1242 1359 1515 1397 revertendum.

376 1429 475 1466 Post
502 1426 660 1463 viatoris
689 1425 906 1462 discessum
937 1422 1115 1471 Oedipus
1142 1433 1278 1471 preces
1306 1421 1355 1458 ad
1383 1422 1494 1460 divas
1528 1422 1652 1460 fundit
1685 1422 1997 1467 ardentissimas,
2035 1424 2251 1462 admonitus

167 1498 292 1532 autem
321 1505 341 1529 a
370 1490 448 1528 filia
476 1489 682 1534 adventare
709 1486 877 1529 chorum,
907 1484 1140 1522 committere
1168 1496 1213 1521 se
1241 1484 1386 1534 populo
1414 1497 1488 1522 non
1518 1484 1651 1529 audet,
1689 1485 1758 1522 sed
1787 1485 1901 1522 filiam
1925 1484 2038 1534 jubet
2064 1482 2114 1523 se*
2138 1486 2252 1524 abdu-

168 1570 254 1597 cere
284 1560 321 1595 et
349 1554 480 1593 limine
507 1556 732 1591 transcenso
771 1549 897 1588 lucum
936 1548 1083 1586 intrans
1111 1559 1132 1585 e
1160 1558 1278 1585 scena
1306 1546 1494 1595 discedit3
1531 1550 1622 1600 post
1657 1546 1761 1587 chori
1800 1547 2043 1589 confirmatus
2077 1561 2253 1589 sermone

168 1625 303 1659 iterum
324 1620 452 1671 prodit
474 1622 513 1654 et
526 1629 547 1653 a
571 1616 688 1652 choro
706 1614 875 1664 jubetur,
896 1613 1118 1661 priusquam
1139 1623 1270 1647 secum
1293 1623 1491 1648 semones
1511 1615 1626 1655 serat,
1649 1611 1698 1648 ad
1713 1612 1837 1661 ipsum
1861 1616 1962 1649 certe
1984 1612 2097 1648 limen
2118 1613 2252 1650 redire.

378 1680 557 1730 Oedipus
580 1690 694 1729 quum
710 1689 731 1714 a
747 1675 863 1713 choro
886 1678 986 1712 certe
1010 1686 1194 1724 nusquam
1218 1674 1486 1723 conspiciatur,
1516 1687 1630 1712 vere
1658 1674 1716 1712 de
1744 1687 1891 1712 scena
1920 1674 2039 1711 mihi
2068 1675 2254 1712 videtur

169 1745 506 1788 discessisse,
542 1741 645 1794 quod
674 1753 721 1777 ex
749 1739 817 1783 iiS,
846 1749 944 1790 quae
972 1748 1088 1788 supra
1116 1736 1340 1781 statuimus,
1369 1736 1449 1774 fieri
1477 1749 1551 1774 non
1580 1736 1715 1788 potuit,
1745 1737 1818 1774 nisi
1846 1749 1914 1788 per
1940 1740 2085 1788 portam
2113 1749 2252 1776 scenae

167 1813 386 1853 sinistram,
420 1810 554 1856 utpote
590 1806 649 1841 cui
679 1805 788 1840 lucus
821 1802 885 1838 ille
920 1801 1169 1837 circumfusus
1197 1805 1316 1837 esset.
1375 1801 1477 1847 Quid
1507 1801 1606 1837 enim
1635 1804 1734 1845 erat,
1770 1812 1835 1836 cur
1867 1802 1984 1849 poeta
2020 1800 2136 1836 vellet
2163 1800 2253 1849 fingi

166 1890 188 1914 a
219 1874 336 1913 choro
366 1869 588 1920 Oedipodis
616 1865 856 1905 absentiam?
891 1869 929 1902 et
962 1864 1079 1902 multo
1114 1864 1237 1913 magis
1271 1862 1536 1914 spectantibus
1574 1863 1679 1901 chori
1712 1861 1893 1913 probatur
1929 1863 2109 1907 formido,
2144 1864 2179 1901 si
2215 1868 2254 1900 et

167 1940 266 1990 ipsis
295 1934 425 1976 subito
456 1933 622 1971 exoritur
650 1930 753 1968 vultu
781 1933 886 1967 torvo
916 1931 954 1965 et
983 1927 1105 1965 oculis
1130 1926 1287 1964 effossis
1316 1926 1504 1965 horrenda
1532 1926 1751 1977 Oedipodis
1780 1927 1947 1976 species.

168 1991 174 1995 ’
374 1996 603 2035 Accuratius
626 1993 765 2030 deinde
787 1996 848 2029 est
871 1993 907 2027 in
925 2003 1007 2028 eum
1030 1991 1153 2027 locum
1176 1990 1456 2040 inquirendum,
1481 1988 1546 2026 ubi
1570 1988 1748 2039 Oedipus
1770 1986 1927 2039 jubetur
1946 1987 2031 2025 luco
2055 1988 2250 2032 excedere,

166 2078 278 2117 quum
296 2063 518 2101 Hermanno
540 2058 713 2099 videatur
731 2068 805 2091 non
828 2054 982 2103 liquere,
1004 2057 1123 2090 utrum
1147 2054 1181 2089 ei
1211 2052 1614 2090 adscendendum
1643 2052 1733 2095 sit,
1762 2064 1817 2088 an
1846 2050 2255 2099 descendendum.-

166 2128 330 2179 Egregie
359 2124 424 2161 ille
452 2121 599 2159 monuit
627 2134 661 2156 v.
697 2115 773 2155 170
801 2118 967 2167 incipere
997 2115 1243 2165 Oedipodem
1265 2115 1455 2165 progredi,
1484 2114 1555 2152 sed
1583 2113 1796 2151 subsistere
1823 2114 2040 2157 timentem,
2070 2126 2117 2150 ne
2146 2126 2252 2150 seve—

165 2194 247 2232 rius
275 2191 312 2227 in
343 2201 386 2225 se
416 2188 614 2228 statuatur,
646 2196 680 2220 v.
705 2179 783 2219 179
810 2182 944 2218 iterum
972 2179 1158 2229 progredi.
1215 2178 1294 2215 Sed
1324 2177 1399 2214 hoc
1426 2177 1511 2214 loco
1535 2177 1707 2214 fortunae
1731 2175 1929 2227 iniquitate
1952 2178 2111 2226 quatuor
2134 2175 2251 2225 perie-

164 2259 251 2294 runt
280 2263 428 2295 versuS,
458 2260 613 2301 quorum
642 2247 790 2298 primus
826 2244 874 2282 ad
910 2257 945 2281 v.
976 2239 1054 2280 195
1087 2241 1383 2280 conformandus
1416 2239 1465 2278 ab
1502 2239 1577 2277 hoc
1614 2252 1688 2277 non
1717 2238 1864 2277 videtur
1898 2238 2019 2276 fuisse
2057 2238 2250 2276 diversus:

162 2320 218 2359 ἴω
244 2316 324 2368 μοί
349 2327 441 2365 μοι.
498 2312 571 2350 Cur
599 2310 778 2361 Oedipus
807 2308 883 2346 hoc
911 2307 997 2344 loco
1027 2308 1101 2345 ciet
1126 2305 1347 2357 planctum?
1404 2303 1596 2352 Quoniam
1624 2303 1660 2340 ei
1696 2301 2005 2340 descendendum
2033 2305 2114 2346 est,
2150 2302 2251 2353 quod

163 2385 249 2421 sine
278 2380 405 2430 aliqua
433 2375 647 2413 timiditatis
675 2373 808 2424 specie
838 2371 964 2408 facere
992 2382 1064 2406 non
1093 2373 1235 2419 potest.
1294 2368 1348 2405 lta
1387 2367 1487 2404 enim
1523 2370 1656 2403 natura
1692 2365 1779 2416 ipsa
1815 2377 1893 2402 rem
1930 2365 2182 2415 comparavit,
2210 2369 2251 2401 ut

163 2449 200 2483 in
229 2441 399 2483 tenebris
437 2439 497 2477 vei
536 2438 679 2475 clausis
713 2436 837 2474 oculis
873 2435 1148 2471 circumeuntes
1184 2432 1302 2468 multo
1337 2430 1521 2468 audacius
1556 2431 1595 2465 et
1623 2427 1802 2465 fidentius
1830 2426 2101 2472 ascendamus,
2138 2438 2249 2478 quam

163 2506 457 2545 descendamus.
516 2502 645 2550 Quare
673 2498 869 2548 Oedipodi
899 2497 1075 2533 interiora
1105 2496 1271 2532 nemoris
1300 2494 1445 2543 petenti
1473 2491 1574 2529 nulla
1604 2490 1811 2527 difficultas
1839 2487 2012 2539 objecta:
2042 2480 2249 2526 ascenden-

161 2569 378 2610 dumenim
409 2570 488 2605 erat
516 2567 554 2602 in
583 2568 723 2602 struem
762 2574 837 2599 uno
866 2559 1053 2598 scalarum
1092 2558 1208 2609 gradu
1243 2570 1317 2595 non
1356 2556 1475 2594 multo
1512 2554 1707 2598 altiorem,
1744 2551 1793 2591 ab
1829 2551 1946 2591 altera
1981 2555 2107 2591 autem
2144 2556 2251 2603 parte

159 2634 285 2673 solum
316 2634 397 2669 erat
424 2629 598 2673 similem¹
620 2626 784 2664 sortasse
813 2626 849 2662 in
878 2623 1030 2662 modum
1061 2625 1252 2664 evectum,
1292 2624 1382 2670 post
1417 2618 1519 2656 nulla
1557 2629 1620 2655 res
1656 2614 1909 2667 impediebat,
1947 2629 2023 2668 quo
2057 2616 2183 2654 minus
2211 2615 2248 2652 in

2088 2891 2127 2915 ..μ’
