2428 2915
1193 68 1224 121 5

169 218 305 270 Neque
333 223 458 257 tamen
495 218 558 255 his
594 230 655 255 me
691 215 894 255 continebo
927 215 1079 255 finibus.
1135 217 1270 258 Totam
1305 218 1342 254 in
1372 217 1496 253 auimo
1526 219 1587 253 est
1623 226 1812 266 exponere
1841 224 2014 255 scenam,
2052 209 2242 260 quomodo

169 282 282 321 suerit
306 281 503 327 adornata,
530 284 569 320 et
597 283 735 331 poetae
763 279 940 330 vestigiis
968 280 1228 326 insistentem,
1257 291 1370 332 quam
1398 279 1557 315 maxime
1588 278 1666 314 fieri
1695 278 1854 327 poterit,
1883 275 2114 313 luculentam
2143 271 2244 310 exhi-

166 344 256 382 bere
283 344 497 393 imaginem.

374 405 457 450 Sed
484 405 559 441 hoc
586 405 687 448 loco,
718 404 817 442 heus
844 408 898 449 tu,
925 373 1067 456 aliquis
1094 406 1206 450 dicat,
1234 408 1320 442 acta
1347 416 1464 452 ages3
1492 403 1698 440 luculenter
1726 402 1826 439 enim
1849 399 2068 437 Wunderus
2098 400 2135 435 in
2165 398 2241 434 edi-

166 470 271 507 tione
299 480 371 506 sua
399 467 448 505 de
477 467 658 505 dramatis
686 479 804 506 scena
832 468 922 519 egit.
977 467 1065 506 Non
1092 481 1152 506 me
1174 465 1344 519 fugiebat
1369 465 1475 511 illud,
1504 468 1542 503 et
1568 464 1667 503 bene
1695 464 1759 501 ille
1787 464 1943 514 plurima
1973 463 2139 512 collegit,
2169 460 2243 497 sed

167 531 329 569 moleste
357 530 450 576 fero,
479 529 543 568 llic
569 529 794 568 substitisse
810 531 932 568 virum
955 532 1073 576 illum,
1102 533 1212 582 cujus
1232 532 1426 580 ingenium
1454 542 1525 565 nec
1548 528 1725 565 abhorret
1751 540 1773 563 a
1796 528 2011 575 conjectura
2039 524 2238 575 probabili,

168 607 239 632 nec
266 593 389 632 hebes
417 594 479 630 est
505 592 555 630 ad
581 594 805 630 acutissime
838 594 1116 631 inveniendum·
1140 598 1178 631 et
1205 593 1533 643 ingeniosissime,
1572 604 1669 642 quae
1705 589 1951 639 excogitavit,
1988 586 2237 637 probandum.

167 658 266 695 Sunt
293 659 416 702 enim,
455 669 553 708 quae
581 656 817 703 desiderem,
853 670 939 695 nam
976 670 1048 695 nec
1073 656 1331 696 memorabilis
1369 655 1433 694 ille
1469 650 1661 705 χάλκεος
1687 648 1845 699 οὐδός,
1882 651 2005 704 qualis
2033 651 2163 694 suerit,
2200 654 2238 687 et

167 721 358 771 quomodo
387 720 570 759 in'scena
596 719 791 758 exhibitus
817 721 880 765 sit,
910 720 1128 771 proposuit,
1163 734 1233 758 nec
1262 720 1408 758 videtur
1444 719 1778 762 animadvertisse,
1814 716 1902 753 hinc
1938 716 2059 753 lucem
2096 713 2236 751 affundi

165 796 201 821 v.
231 780 309 821 195
337 796 423 835 sqq.
481 783 609 832 Quare
638 784 677 821 id
704 796 884 833 agemus,
912 787 953 821 ut
981 796 1078 834 quae
1105 784 1325 821 Wunderus
1353 782 1566 828 inchoavit,
1594 796 1685 827 nos,
1713 782 1748 819 si
1778 781 1857 818 fieri
1886 782 2036 831 potest,
2066 776 2236 815 absolva-

164 858 262 891 mus,
290 851 329 884 et
356 847 470 884 simul
497 847 604 892 illud,
632 848 734 898 quod
763 848 1044 897 proposuimus,
1073 847 1341 897 dijudicemus.

373 909 552 960 Oedipus
578 923 691 961 quum
721 910 880 947 filiorum
907 910 1052 948 scelere
1082 914 1120 948 et
1146 910 1315 961 nequitia
1344 908 1491 947 Thebis
1520 914 1626 947 esset
1651 908 1807 958 pulsus,
1837 907 1972 944 erravit
2007 904 2237 955 aliquamdiu

164 984 302 1016 senex,
332 974 436 1009 tenui
465 977 649 1023 exceptus
678 973 868 1024 hospitio,
902 973 1116 1019 instabilis,
1144 986 1260 1024 parva
1286 977 1442 1023 petens,
1471 971 1609 1023 quibus
1637 971 1808 1021 corporis
1835 969 2006 1019 expleret
2033 967 2235 1009 desideria,

164 1035 308 1071 minora
335 1035 476 1080 ferens,
506 1036 592 1072 dum
623 1034 821 1073 exhaustis
850 1036 1025 1074 omnibus
1052 1034 1352 1080 calamitatibus,
1378 1036 1547 1085 jactatus
1574 1034 1760 1078 miseriis,
1788 1033 1913 1070 fausto
1942 1031 2106 1083 quodam
2144 1042 2236 1066 casu

164 1097 200 1133 in
224 1096 421 1144 Colonum,
450 1099 514 1150 qui
542 1102 603 1136 est
630 1111 753 1150 pagus
781 1100 934 1151 quidam
962 1112 1082 1150 prope
1103 1098 1279 1137 Athenas
1298 1099 1411 1143 situs,
1438 1097 1648 1148 Sophoclis
1671 1097 1806 1147 patria,
1834 1096 1984 1133 delatus
2013 1098 2085 1132 est.
2128 1093 2236 1130 Haec

163 1164 224 1196 est
250 1161 374 1209 ipsius
402 1162 582 1199 dramatis
608 1175 737 1199 scena.
778 1164 966 1201 Videmus
994 1174 1127 1200 senem
1151 1160 1424 1212 deplorabilem
1447 1161 1696 1212 prodeuntem
1720 1160 1933 1210 Antigonae
1962 1158 2061 1195 filiae
2092 1157 2234 1207 pietate

165 1222 315 1260 luminis
344 1236 490 1261 errores
518 1223 795 1270 sublevantem,
822 1226 1002 1276 squalore
1031 1223 1217 1270 obsitum,
1254 1226 1339 1262 viae
1368 1224 1602 1274 longitudine
1640 1225 1692 1261 ita
1720 1223 1986 1271 defatigatum,
2022 1221 2160 1271 pedem
2196 1224 2235 1255 ut

158 1287 240 1335 jam
275 1299 349 1324 non
384 1287 513 1337 possit
548 1287 735 1337 proferre:
775 1300 889 1339 quare
918 1287 993 1326 sibi
1030 1289 1318 1338 circumspicere
1348 1287 1460 1338 jubet
1487 1288 1715 1337 Antigonam
1754 1286 1918 1336 aliquam
1947 1284 2101 1327 sedem,
2141 1282 2233 1319 nihil

162 1352 365 1395 curantem,
392 1348 552 1388 sacroue
581 1350 646 1387 illa
673 1362 719 1386 an
752 1351 909 1400 profano
931 1351 1023 1388 loco
1043 1352 1095 1388 sit
1117 1352 1256 1400 posita,
1285 1351 1423 1387 deinde
1445 1363 1607 1400 quonam
1636 1351 1672 1386 in
1702 1350 1786 1386 loco
1817 1352 2012 1385 versentur
2038 1359 2230 1397 quaerere.

162 1411 232 1449 Cui
260 1412 338 1450 filia
356 1425 500 1450 morem
526 1426 661 1462 gerens
683 1413 883 1450 considere
904 1413 1017 1463 jubet
1040 1415 1077 1450 in
1101 1414 1182 1451 rudi
1205 1413 1365 1464 quadam
1391 1413 1557 1463 lapidum
1578 1416 1693 1457 strue,
1716 1409 1825 1457 (19.)
1854 1425 1928 1449 non
1951 1410 2039 1462 quin
2064 1412 2230 1452 moneat,

162 1482 323 1513 sacrum·v
346 1474 448 1513 hunc
475 1488 564 1514 esse
593 1476 729 1520 locum,
765 1476 829 1527 qui
857 1475 1007 1514 obsitus
1034 1478 1087 1514 sit
1112 1477 1229 1520 lauro,
1258 1476 1355 1520 olea,
1385 1475 1538 1520 vitibus,
1566 1480 1746 1527 totusque
1774 1476 2016 1512 lusciniarum
2050 1476 2232 1523 personet

162 1530 443 1576 cantu‘Wund.
470 1551 508 1589 p.
535 1535 600 1576 22.
655 1538 778 1576 Recte
804 1543 935 1577 monet
960 1538 1178 1590 Geppertus
1205 1551 1242 1587 p.
1273 1537 1360 1583 137,
1389 1539 1467 1576 fieri
1496 1540 1557 1576 vix
1584 1540 1780 1588 potuisse,
1809 1539 1898 1588 quin
1929 1549 2040 1588 quam
2069 1536 2231 1572 maxime

160 1605 276 1651 poeta
304 1602 429 1652 ipsius
455 1606 609 1640 naturae
637 1603 800 1651 vestigia
830 1604 1022 1651 presserit.
1078 1601 1292 1640 incredibili
1319 1606 1444 1639 autem
1466 1602 1627 1653 quadam
1656 1601 1719 1639 hic
1745 1601 1855 1639 locus
1884 1604 1964 1638 erat
1988 1600 2231 1642 amoenitate,

160 1664 383 1702 dulcissima
410 1664 584 1703 arborum
613 1665 737 1703 omnis
765 1666 917 1714 generis
944 1664 1076 1704 umbra
1102 1677 1218 1718 quum
1240 1678 1263 1703 a
1285 1665 1383 1703 solis
1405 1669 1516 1702 aestu
1543 1669 1621 1702 tum
1648 1677 1671 1702 a
1698 1667 1968 1714 tempestatum
1992 1663 2232 1701 vehementia

158 1731 283 1773 tutus3
322 1727 464 1766 hedera
491 1727 865 1778 ibisplendentihus
898 1729 1005 1767 soliis
1039 1729 1268 1783 conspicua,
1306 1730 1424 1779 nigris
1452 1732 1581 1766 ornata
1609 1727 1800 1778 corymbis
1829 1732 1868 1765 et
1895 1727 2092 1764 claviculis
2129 1726 2232 1763 velut

139 1789 335 1827 rmanibus
363 1790 524 1827 subnixa
560 1790 610 1826 ad
646 1791 820 1828 arborum
855 1804 983 1828 ramos
1012 1790 1241 1840 erigebatur:
1276 1793 1369 1829 varii
1404 1792 1528 1828 solum
1556 1790 1764 1840 pingebant
1792 1791 1927 1835 flores,
1961 1792 2155 1829 narcissus
2193 1791 2228 1826 in

158 1852 302 1901 primis,
331 1865 476 1898 crocus,
501 1852 620 1900 aliae;
647 1853 743 1892 nihil
765 1855 866 1904 enim
889 1852 1052 1904 negabat
1074 1866 1146 1892 nec
1166 1853 1263 1892 lenis
1284 1866 1387 1899 aura,
1417 1866 1487 1892 nec
1508 1853 1659 1903 irrigata
1680 1852 1866 1905 Cephissi
1890 1851 2099 1906 liquoribus
2120 1856 2227 1895 terra,
2284 1867 2286 1869 ·

157 1914 346 1966 nidosque
374 1916 525 1966 placide
548 1917 585 1953 in
610 1916 765 1954 deorum
786 1918 905 1955 tutela
927 1921 1189 1955 exstruxerant
1210 1917 1406 1962 lusciniae,
1434 1930 1594 1968 eamque
1617 1917 1817 1955 indefesso
1841 1916 2083 1955 celebrabant
2103 1919 2226 1959 cantu,
2280 1919 2287 1961 ζ

143 1989 256 2031 ,quae
279 1977 500 2029 Sophocles
527 1980 755 2019 mollissimo
785 1981 850 2019 illo
876 1981 1040 2018 carmine
1068 1994 1103 2017 v.
1126 1977 1205 2017 666
1232 1979 1443 2025 celebrans,
1473 1993 1585 2031 quam
1613 1981 1754 2030 optime
1783 1981 1861 2017 lieri
1884 1983 2031 2030 posset,
2059 1982 2160 2015 certe
2188 1978 2224 2014 in
2276 1971 2286 2035 Ξ

157 2054 274 2080 scena
301 2043 472 2092 conspici
502 2043 633 2082 voluit.
662 2047 666 2048 ⁷
690 2045 819 2093 Quare
846 2058 921 2083 non
949 2044 1134 2093 neglexit,
1170 2045 1321 2094 opinor,
1358 2057 1495 2094 rupes,
1532 2043 1670 2095 quibus
1705 2044 1768 2081 hic
1794 2044 1903 2081 locus
1936 2046 2017 2081 erat
2048 2042 2224 2092 insignis,
2274 2037 2286 2082 ἶ

155 2105 258 2157 quod
285 2106 371 2157 ipso
400 2107 552 2145 nomine
580 2120 651 2145 suo
681 2104 966 2159 πολυπρήων
992 2102 1188 2157 κολώνη
1217 2119 1308 2157 prae
1335 2119 1379 2146 se
1408 2105 1564 2152 serebat,
1592 2107 1718 2154 (Rois.
1747 2119 1864 2144 enarr.
1894 2106 1960 2144 lV.
1988 2105 2131 2159 Wund.
2159 2103 2224 2144 22
2271 2086 2283 2161 l

153 2169 188 2216 §a
213 2167 267 2215 l.)
296 2169 386 2207 licet
411 2169 525 2208 verbo
553 2171 602 2208 de
630 2172 702 2209 hac
729 2185 769 2209 re
797 2177 910 2223 poeta
936 2186 1011 2210 non
1039 2173 1234 2211 monuerit.
1270 2170 1454 2209 Genellio
1483 2173 1590 2209 visus
1617 2176 1689 2216 est,
1720 2172 1771 2208 nil
1799 2172 1873 2209 nisi
1902 2170 2041 2209 vallem
2066 2169 2226 2222 rupibus
2269 2163 2282 2194 ἶ

154 2229 318 2269 obsitam
347 2231 582 2279 exhibuisse,
611 2233 661 2271 ab
687 2247 762 2272 una
789 2239 933 2274 tantum
960 2239 1067 2286 parte
1095 2234 1347 2285 spectantium
1375 2234 1496 2271 oculis
1524 2235 1751 2283 oppositam,
1779 2246 1803 2270 a
1830 2238 1937 2283 tergo
1965 2235 2004 2271 in
2031 2234 2225 2272 Furiarum

152 2294 290 2331 vallem
319 2294 521 2342 dejectam.
578 2296 872 2346 conspiciuntur
897 2303 1022 2336 tamen
1050 2299 1123 2336 hoc
1149 2299 1186 2335 in
1213 2297 1296 2334 loco
1324 2297 1517 2342 Athenae,
1553 2310 1589 2334 v.
1616 2294 1681 2342 24,
1710 2301 1749 2335 et
1772 2297 1963 2348 plurimae
1998 2298 2061 2336 hic
2088 2303 2227 2337 coeunt

152 2356 249 2402 viae,
278 2369 405 2408 quare,
434 2356 536 2408 quod
566 2351 765 2397 Genellius
793 2359 842 2397 de
867 2364 948 2398 tota
974 2373 1091 2398 scena
1117 2360 1267 2405 statuit,
1303 2359 1550 2410 rejiciendum
1587 2360 1658 2397 erit
1689 2360 1740 2398 ad
1767 2361 1924 2400 alteram
1961 2363 2047 2411 ejus
2080 2367 2225 2412 partem

152 2422 191 2458 et
218 2430 301 2457 eam
330 2419 482 2472 quidem
510 2420 714 2468 sinistram,
741 2421 832 2461 urbs
860 2424 961 2461 enim
988 2423 1166 2461 sollemni
1193 2422 1355 2474 quodam
1381 2423 1519 2460 theatri
1555 2435 1660 2460 more
1688 2424 1819 2462 dextra
1847 2425 2152 2475 conspiciebatur
2175 2427 2223 2471 *).

1897 2479 1940 2519 Ο

193 2554 250 2610 ἦ)
252 2553 377 2592 max.
397 2556 510 2588 οιιοιιι.
528 2558 590 2599 rv,
608 2554 751 2598 19,127.
787 2553 884 2592 Τῶν
900 2550 1055 2604 μέντοι
1069 2546 1283 2601 παρόδων
1307 2549 1335 2604 ἤ
1355 2549 1447 2618 μὲν
1453 2553 1580 2597 &gia
1593 2549 1798 2620 ἀγρόθεν
1821 2551 1850 2606 ἦ
1872 2552 1922 2594 ἑκ
1938 2554 2161 2606 λιμένος*
2130 2572 2155 2607 η
2174 2555 2222 2597 ἐκ

252 2599 424 2649 πόλεως
442 2601 557 2657 ἄγει,
579 2605 625 2646 οἱ
641 2606 680 2647 δ’
688 2601 948 2656 ἀλλαχόθεν
970 2610 1010 2652 (ἰ.
1028 2620 1056 2641 e·
1073 2609 1226 2651 peregre)
1248 2602 1579 2657 ἀφικνούμενοι
1601 2604 1722 2647 κατὰ
1740 2604 1829 2657 τήν
1850 2605 2008 2657 ἑτέραν
2030 2608 2221 2653 εἰςίασιν.
