2428 2915
1182 45 1247 101 11

177 197 248 236 sed
275 210 320 235 ea
347 195 557 242 arboribus,
587 196 763 241 dumetis,
791 194 909 233 herba
937 194 1075 240 obsita,
1105 208 1179 233 non
1209 196 1309 233 enim
1337 195 1460 232 solum
1489 190 1627 238 ἄλσος
1649 193 1739 240 124,
1769 196 1839 233 sed
1867 197 1980 233 etiam
2009 190 2151 236 νάπος
2182 192 2259 232 190

178 264 216 299 et
242 255 423 310 κράτηρ
450 262 606 298 vocatur
633 256 723 303 152,
758 256 879 297 1585:
907 271 1032 310 neque
1060 271 1148 296 vero
1179 258 1436 296 necessarium
1462 261 1534 303 cst,
1564 258 1723 296 eandem
1750 262 1909 310 utroque
1938 258 2022 296 loco
2051 258 2254 309 significari

177 324 409 372 voraginem,
438 324 527 374 quin
555 323 697 359 multae
727 321 778 370 ibi
807 321 980 359 videntur
1007 321 1140 358 fuisse.
1199 321 1257 358 Ad
1293 332 1418 357 earum
1454 334 1565 357 unam
1594 323 1706 358 tradit
1745 326 1855 370 poeta
1892 324 2110 360 accessisse
2141 322 2256 359 Oedi-

178 387 330 437 podem,
359 399 473 438 quare
498 387 610 424 limen
638 385 755 435 hujus
779 385 853 423 loci
881 379 963 423 τὸν
990 376 1319 432 καταῤῥάκτην
1348 379 1459 422 ὀδόν
1487 386 1655 430 vocavit,
1693 388 1837 434 partem
1862 386 2104 434 significans,
2136 387 2256 435 (sicut

179 450 308 487 Latini
335 449 503 494 ultimus,
532 452 750 500 postremus
778 447 891 484 alicui
919 445 1034 484 verbo
1062 447 1247 484 addentes
1270 448 1318 484 cf.
1341 442 1484 493 ἄκρος
1507 444 1601 492 189)
1630 460 1704 484 non
1732 452 1849 484 totum
1879 449 1992 485 limen
2014 453 2254 499 praeruptum

182 513 305 551 fuisse
331 512 475 550 dicens.
531 511 674 550 Latius·
696 515 821 548 tamen
849 510 998 548 videtur
1025 509 1122 546 haec
1148 523 1286 559 vorago
1315 509 1442 553 hiare,
1473 511 1687 561 complures
1722 512 1759 547 in
1789 524 1834 548 ea
1862 513 2143 561 conspiciuntur
2170 513 2255 549 viae

182 575 232 614 ad
257 576 332 613 ima
360 575 557 620 ducentes,
584 586 762 612 recessus
790 577 1008 625 praeterea,
1037 573 1074 609 in
1105 586 1259 623 quorum
1292 586 1368 611 uno
1399 571 1706 623 conspiciebatur
1733 572 1877 611 Thesei
1905 573 2142 626 Pirithoique
2178 588 2254 613 mo-

184 642 420 684 numentum,
459 638 560 689 quod
599 637 650 674 ibi
689 636 922 687 fingebantur
957 637 993 672 in
1030 636 1217 673 amicitiae
1254 637 1290 673 in
1328 640 1553 686 perpetuum
1590 636 1771 674 valiturae
1808 639 2023 675 memoriam
2060 639 2254 688 posuisse.

182 701 337 740 Medius
374 704 469 739 inter
505 700 580 737 hoc
616 713 825 751 saxumque
855 699 1073 737 Thoricium
1108 704 1146 737 et
1173 700 1387 750 sepulcrum
1425 699 1615 751 quoddam
1644 713 1665 736 e
1693 712 1786 738 saxo
1822 706 2051 739 exstructum
2081 701 2256 753 Oedipus

183 765 360 803 consedit
388 767 426 802 et
454 777 611 814 corpore
639 763 768 801 abluto
796 764 833 800 in
863 775 947 801 eam
985 763 1107 813 ipsam
1135 764 1351 814 voraginem
1379 767 1491 800 teste·
1508 763 1717 801 scholiasta
1755 777 1799 801 se
1828 766 2013 816 conjecit,
2052 779 2119 816 per
2145 778 2255 817 quam

182 827 297 866 Pluto
326 827 596 878 Proserpinam
625 826 833 864 abduxisse
860 825 1094 864 credebatur.
1151 826 1272 864 Tanta
1301 827 1338 863 in
1369 826 1442 863 hoc
1478 826 1563 863 loco
1592 826 1843 865 describendo
1878 840 1965 865 cura
1992 833 2167 866 versatus
2196 834 2257 866 est

182 894 312 940 poeta,
339 895 381 929 ut
409 904 481 929 non
510 892 657 942 pigeret
685 904 792 936 eum,
830 903 960 928 cavam
988 891 1175 942 quandam
1203 891 1324 940 pirum
1360 890 1412 928 ibi
1449 894 1614 928 stantem
1650 904 1986 936 commemorasse,
2021 907 2096 942 quo
2132 894 2257 941 magis

184 953 388 991 dolendum
417 958 490 998 est,
518 957 624 991 tanta
652 954 813 994 saevitia
839 957 976 1003 postea
1001 954 1232 1003 Antigonum
1268 955 1305 990 in
1335 953 1431 991 haec
1460 954 1542 990 loca
1581 954 1789 997 saeviisse,
1827 958 1868 991 ut
1897 954 2111 991 Pausanias
2140 956 2177 999 l,
2204 952 2260 991 30

184 1016 248 1052 hic
279 1015 386 1058 nihil,
416 1016 518 1065 quod
545 1019 865 1060 commemoraret,
893 1017 1083 1065 repererit.

390 1076 651 1123 Absolvimus,
681 1078 782 1130 quod
809 1090 1151 1128 proposueramus:
1181 1079 1218 1115 in
1243 1078 1409 1115 dramate
1433 1079 1596 1116 actionis
1616 1079 1844 1128 plenissimo
1869 1085 2038 1131 apparet,
2069 1094 2181 1132 quum
2203 1086 2259 1118 tot

186 1143 223 1178 in
252 1143 533 1179 scena'coeant
561 1142 656 1186 viae,
686 1141 868 1186 Colonea,
897 1141 1163 1185 Atheniensis,
1191 1141 1240 1178 ad
1260 1140 1430 1191 Neptuni
1457 1153 1558 1179 aram
1581 1154 1668 1186 una,
1698 1141 1907 1181 Thebanae
1930 1144 2040 1189 duae,
2069 1157 2257 1196 quumque

185 1209 382 1255 praeterea
410 1206 534 1242 exitus
563 1216 653 1242 esse
681 1204 820 1242 debeat
847 1218 893 1242 ex
920 1206 1007 1254 ipso
1036 1217 1194 1258 nemore*
1216 1216 1338 1247 sacro,
1367 1204 1461 1241 nihil
1488 1217 1578 1241 esse
1606 1209 1745 1250 tamen,
1775 1207 1874 1256 quod
1903 1212 2115 1245 statuamus
2143 1209 2256 1245 ullam

186 1272 341 1320 propter
376 1280 573 1311 versuras,
611 1280 708 1319 quae
741 1267 974 1316 περίακτοι
1004 1261 1150 1305 Graece
1185 1271 1365 1305 vocantur
1399 1268 1592 1318 patuisse,
1626 1269 1699 1305 nisi
1735 1272 1882 1308 statuas
1921 1271 2129 1321 neglectam
2168 1285 2256 1310 esse

186 1345 298 1370 unam
326 1346 373 1370 ex
399 1333 460 1375 iis,
489 1344 586 1381 quae
614 1344 662 1369 ex
688 1344 791 1369 more
821 1333 856 1368 in
886 1331 1046 1369 theatris
1082 1335 1198 1368 erant.
1257 1331 1371 1378 Quod
1400 1343 1473 1382 qua
1510 1333 1655 1369 ratione
1693 1333 1828 1370 ductus
1865 1338 2013 1372 statuas
2051 1349 2123 1373 non
2158 1338 2255 1373 satis

188 1395 370 1445 intelligo.
413 1395 491 1432 Sed
522 1394 617 1432 haec
644 1393 877 1433 doctioribus
898 1394 1165 1446 relinquenda3
1194 1405 1265 1431 nos
1287 1394 1427 1431 utinam
1457 1406 1530 1431 non
1553 1395 1667 1444 plane
1695 1397 1779 1434 sine
1803 1396 1923 1435 fructu
1946 1396 2254 1437 laboraverimus.
