2428 2915
46 220 79 849 ’ἤνπφνθΜῧῦᾞκῆεἍἪ-ζωηρωςωκ
55 166 71 213 w

48 1028 65 1055 ’Ἰ
49 850 67 1021 &Satan—”85¹0

1159 64 1194 121 6

127 212 213 251 Jam
241 225 316 265 quo
345 214 430 250 loco
458 214 636 265 Oedipus
665 227 821 252 scenam
849 217 1050 264 ingressus
1077 219 1129 254 sit
1155 222 1365 268 quaerenti,
1393 219 1468 257 boc
1500 223 1602 257 certe
1630 219 1668 256 in
1696 217 1899 269 propatulo
1926 222 2008 265 ..Β
2036 219 2117 261 fieri
2145 234 2220 271 non

129 289 262 326 posse,
291 281 334 313 ut
360 291 428 326 per
455 278 690 316 orchestram
718 277 794 316 hoc
821 278 963 317 factum
991 279 1065 326 sit3
1093 284 1349 331 nou-poterat
1376 282 1477 321 enim
1505 293 1625 321 senex
1651 292 1793 321 coecus
1820 285 1860 320 et
1883 280 2087 325 olm
2109 294 2220 334 vprse-

129 339 259 378 sertim
289 337 432 377 viribus
460 340 628 393 requiem
657 339 734 378 sibi
763 345 953 392 exoptans
982 355 1050 393 per
1075 343 1262 380 scalaram
1287 346 1428 393 gradus
1456 346 1606 389 deduci,
1634 349 1674 382 ut
1696 344 1933 382 consideretz
1961 350 2026 382 aut
2052 346 2092 383 in
2121 346 2219 395 ipsis

129 402 309 452 gradibus
336 403 597 450 subsedisset,
627 409 692 442 aut
718 406 853 442 mirum
880 407 918 442 in
947 407 1098 444 modum
1120 407 1285 446 moleste
1306 409 1443 455 ferret3
1472 408 1627 460 quantis
1646 408 1747 448 enim
1774 417 1846 447 nos
1873 407 2063 451 exanimat
2089 420 2218 460 quere-

129 464 178 502 lis
206 479 240 502 v.
273 463 363 511 195,
395 464 495 513 198;
524 466 589 505 ubi
617 469 855 507 descendere
883 481 997 507 unum
1027 470 1181 520 gradum
1203 469 1372 520 jubetur.
1428 471 1509 519 Sed
1535 471 1735 511 commode
1766 471 1916 517 accidit,
1945 474 1987 510 ut
2008 470 2120 510 nobis
2146 475 2216 510 tra·

127 529 247 568 ditum
269 532 332 575 sit,
362 531 558 582 placuisse
580 531 754 578 Graecis,
783 537 836 579 ut,
866 534 930 585 qui
952 534 1096 585 primas
1121 538 1253 584 partes
1280 537 1422 586 ageret,
1447 535 1617 587 prodiret
1644 546 1712 588 per
1733 535 2024 588 portantum,
2051 547 2150 588 quae
2177 536 2215 572 in

126 593 254 632 media
281 599 362 632 erat
389 606 519 640 scena,
548 597 691 646 regiam
718 600 832 634 vocat
858 597 1067 635 Vitruvius.
1109 598 1267 648 Haupt
1295 597 1513 637 Vorsclmle
1539 614 1573 637 z.
1598 600 1710 638 Stud.
1734 601 1771 638 d.
1795 599 1935 650 griecb.
1960 599 2086 650 Trag„
2113 613 2152 651 p.
2176 596 2214 637 9.

129 656 314 709 Geppert,
344 658 380 696 d.
409 659 517 709 altgr.
544 659 697 705 Blihne,
728 670 765 712 p.
796 656 887 698 123.
945 660 1031 699 Hoc
1059 659 1159 699 cadit
1187 662 1225 699 in
1255 660 1499 711 Oedipodem
1526 666 1565 700 et
1592 662 1667 701 hoc
1693 661 1920 702 tenebimus.
1961 662 2046 701 Jam
2074 663 2215 715 aliqua-

127 725 240 759 tenus
267 726 399 772 potest
426 734 545 760 scena
572 723 807 760 adumbrari:
847 736 868 760 a
897 728 1003 773 tergo
1025 726 1103 761 via
1132 726 1384 774 conspicitur,
1414 738 1487 775 qua
1515 726 1694 776 Oedipus
1721 727 1891 768 intravit.
1918 725 1968 764 ab
1995 727 2081 777 ejus
2108 731 2214 778 parte

128 785 259 822 dextra
288 791 350 823 est
378 787 523 824 lucus
551 788 871 833 amoenissimus,
909 789 1012 826 vario
1049 786 1221 826 arborum
1257 800 1395 838 genere
1423 786 1596 835 obsitus,
1633 787 1682 827 ab
1718 789 1838 828 altera
1865 789 2030 829 fortasse
2066 800 2214 841 rupes

127 848 415 898 conspiciuntur
441 861 605 900 asperae
635 850 711 888 leni
736 851 833 900 jugo
863 863 997 889 versus
1025 850 1186 888 urbem
1214 851 1404 901 dejectae,
1432 853 1545 901 cujus
1565 857 1688 890 turres
1716 857 1755 890 et
1776 855 1926 890 moenia
1950 853 2213 903 spectantibus

128 910 176 949 ad
205 910 374 950 dextram
406 913 553 963 jacent.
608 913 742 951 Lucus
777 914 842 950 ille
878 915 964 963 ipse
1000 913 1128 964 paullo
1166 915 1289 963 magis
1323 914 1450 951 editus
1487 914 1701 963 lapidum
1736 916 1925 953 rudium
1962 920 2098 954 strue
2134 916 2212 961 illa,

127 983 240 1024 qnam
268 973 452 1019 diximus,
491 980 628 1025 septus
656 980 717 1013 est
744 980 782 1012 et
810 975 1004 1013 dimidiam
1034 978 1112 1014 sere
1139 990 1281 1014 scenae
1309 981 1455 1027 partem
1483 976 1671 1026 complet,
1699 977 1750 1015 ita
1777 981 1818 1015 ut
1846 976 1953 1022 hinc,
1988 978 2091 1029 quod
2124 983 2213 1029 post

128 1036 365 1082 videbimus,
404 1039 581 1088 exiguum
617 1039 782 1089 spatium
817 1038 967 1090 pulpito
1005 1039 1247 1091 relinquatur.
1314 1039 1450 1091 Neque
1486 1042 1613 1077 tamen
1647 1039 1697 1077 ad
1732 1041 1855 1090 ipsam
1891 1044 2035 1090 portam
2071 1042 2210 1089 regiam

127 1101 266 1152 porrigi
295 1114 438 1140 censeo
468 1102 571 1140 illam
602 1107 766 1147 struem,
796 1103 857 1141 vix
886 1103 986 1140 enim
1015 1102 1161 1141 videtur
1187 1106 1303 1154 poeta
1330 1102 1392 1140 vel
1421 1114 1576 1141 caecum
1606 1102 1847 1153 Oedipodem
1885 1103 2052 1140 facturus
2089 1103 2211 1142 fuisse

123 1164 334 1204 dicentem:
369 1161 576 1215 Βάκησιν
603 1163 649 1204 ἐί
678 1177 807 1204 τινα
835 1164 1079 1215 βλέπεις,
1117 1162 1290 1215 στῆσόν
1315 1178 1368 1214 με
1396 1162 1676 1212 κάξίδρυσον
1705 1179 1740 1203 v.
1767 1162 1813 1209 9,
1842 1166 1875 1203 si
1905 1169 2059 1216 propter
2085 1167 2208 1216 ipsam

125 1230 318 1267 stetisset.
373 1229 415 1266 ln
455 1228 527 1266 hac
562 1229 731 1279 lapidum
759 1226 880 1272 strue,
918 1231 1002 1266 sive
1038 1231 1160 1278 magis
1195 1230 1323 1279 placet
1359 1233 1511 1279 septum
1547 1229 1640 1266 illud
1667 1241 1824 1274 vocare,
1860 1229 1961 1280 quod
1997 1243 2018 1266 e
2054 1231 2209 1280 regione

125 1297 259 1342 portae
295 1294 423 1341 regiae
458 1293 506 1329 ad
542 1297 745 1329 extremam
775 1293 967 1341 proscenii
1004 1305 1105 1330 oram
1132 1305 1154 1330 a
1181 1296 1286 1343 parte
1323 1293 1479 1330 sinistra
1507 1292 1727 1342 porrigitur,
1763 1291 1938 1330 residens
1967 1292 2144 1344 Oedipus
2168 1294 2208 1337 Ὅ

125 1355 239 1393 filiam
263 1354 378 1406 jubet
405 1356 592 1392 sciscitari
622 1355 809 1399 alicunde,
840 1353 979 1405 quibus
1009 1355 1046 1391 in
1076 1356 1186 1391 terris
1214 1359 1421 1391 versentur.
1470 1354 1541 1391 llla
1570 1368 1671 1399 vero,
1701 1367 1775 1392 non
1805 1354 1958 1392 dubium
1987 1369 2090 1400 esse,
2119 1358 2207 1407 quin

126 1419 299 1456 Athenae
328 1419 407 1455 sint
433 1419 469 1454 in
500 1423 730 1468 conspectu,
759 1418 969 1468 respondet
1002 1422 1041 1455 et
1077 1417 1218 1456 adesse
1246 1418 1427 1456 viatorem
1456 1417 1640 1469 aliquem,
1676 1430 1724 1455 ex
1756 1430 1831 1469 quo
1861 1422 1961 1456 certa
1999 1420 2207 1471 comperire

34 1471 44 1515 ²-
124 1484 287 1535 possint.
333 1482 421 1530 Quo
449 1481 550 1520 facto
576 1481 753 1532 Oedipus
780 1481 882 1520 hunc
903 1481 1093 1520 allocutus
1115 1485 1203 1520 ante
1225 1481 1352 1519 omnia
1374 1479 1532 1532 jubetur
1554 1480 1740 1519 decedere
1761 1481 1859 1526 loco,
1888 1480 1951 1518 ubi
1975 1482 2203 1528 consederit,

123 1558 235 1600 quem
265 1546 449 1595 attingere
479 1546 590 1582 nefas
617 1547 682 1582 sit.
740 1545 816 1593 Qui
846 1558 962 1595 quum
990 1549 1220 1588 commotus,
1247 1545 1401 1581 minime
1429 1558 1519 1582 vero
1546 1541 1789 1595 perterritus,
1826 1546 1975 1583 veniam
2011 1545 2206 1596 deprecari

122 1613 274 1661 pararet
302 1607 349 1646 ab
378 1622 446 1654 eo,
486 1609 590 1660 quod
617 1609 823 1653 laesisset,
858 1609 1030 1653 nurnine,
1068 1609 1155 1658 ejus
1184 1620 1320 1646 nomen
1358 1607 1593 1652 sciscitatur,
1631 1611 1670 1645 et
1695 1620 1809 1658 quum
1839 1609 2091 1658 comperisset
2103 1622 2206 1647 esse

123 1672 373 1717 Eumenides,
400 1676 546 1709 tantum
576 1671 699 1716 abest,
728 1675 769 1708 ut
789 1670 976 1716 discedat,
1005 1675 1046 1708 ut
1069 1672 1210 1720 gratias
1229 1675 1318 1722 agat
1338 1672 1451 1722 ipsis,
1479 1683 1602 1731 seque
1623 1674 1663 1708 ut
1684 1668 1869 1709 benevole
1898 1671 2015 1710 velint
2036 1673 2205 1722 recipere

123 1737 313 1776 obsecret.
369 1736 568 1773 Attonitus
596 1736 717 1773 viator
745 1735 810 1772 ille
838 1739 952 1780 stare,
982 1747 1053 1773 nec
1080 1735 1219 1774 audere
1246 1735 1449 1779 accedere,
1477 1738 1518 1772 ut
1544 1735 1580 1771 vi
1608 1734 1713 1771 illum
1741 1733 1933 1772 deturbet:
1962 1736 2014 1773 lta
2042 1749 2133 1786 prae
2160 1749 2205 1774 se

122 1803 206 1845 fert,
236 1813 282 1837 se
311 1812 411 1837 nunc
440 1800 591 1850 quidem
621 1800 718 1837 satis
744 1803 926 1837 remotum
955 1812 1045 1837 esse
1072 1798 1120 1836 ab
1150 1798 1366 1850 Oedipode.
1422 1797 1509 1836 Non
1538 1802 1663 1836 tamen
1686 1801 1809 1848 negat,
1838 1799 1875 1836 ei
1903 1798 1953 1836 de
1980 1799 2079 1844 loco,
2106 1812 2204 1851 quae

42 1869 44 1871 ’
121 1866 186 1903 ille
215 1864 320 1909 velit,
349 1874 562 1913 exponere:
595 1873 743 1900 omnem
772 1863 869 1900 hanc
894 1863 1086 1911 regionem
1114 1861 1284 1914 Neptuni
1312 1874 1425 1906 esse,
1462 1861 1629 1913 aliquam
1657 1862 1747 1911 ejus
1782 1865 1927 1912 partem
1956 1866 2086 1899 tenere
2114 1863 2204 1900 Pro-

36 1943 39 1944 ’
119 1927 312 1966 metheum
343 1925 542 1971 Titanem3
579 1937 654 1977 qua
690 1926 727 1962 in
756 1937 851 1975 sepe
874 1924 1091 1963 consederit
1119 1924 1314 1975 Oedipus,
1352 1937 1437 1962 eam
1475 1925 1590 1962 limen
1626 1936 1806 1968 aeneum,
1836 1926 2048 1974 χαλκοῦν
2077 1920 2203 1969 ὀδόν,

118 1992 245 2028 vocari
272 1987 310 2027 et
336 1991 374 2027 in
404 2003 453 2027 eo
474 2000 662 2026 summam
681 1988 917 2027 Athenarum
938 1989 1091 2034 versari,
1118 1985 1278 2038 ἔρεισμ’
1307 1987 1545 2036 Ἀθηνῶνς
1573 1987 1729 2026 heroem
1751 1990 1877 2024 autem
1899 1986 2016 2036 hujus
2036 1988 2204 2036 regionis

119 2053 335 2106 praesidem
371 2055 615 2104 praesentem
645 2051 838 2102 conspici,
874 2055 1086 2102 equestrem
1121 2052 1391 2089 demonstrans
1420 2050 1555 2088 Coloni
1591 2054 1776 2094 statuam,
1814 2051 1940 2086 omnia
1976 2054 2101 2088 antem
2139 2052 2203 2089 illa

120 2130 194 2154 non
224 2116 348 2153 famae
376 2117 500 2165 magis
527 2115 770 2159 celebritate,
800 2125 911 2165 quam
940 2115 1134 2163 religionis
1161 2115 1366 2152 sanctitate
1395 2126 1487 2152 esse
1515 2112 1736 2162 conspicua.
1793 2112 1970 2163 Oedipus
1998 2112 2140 2152 deinde.
2165 2119 2204 2153 et

119 2180 186 2217 sati
214 2179 447 2217 imminentis
481 2182 521 2216 et
554 2177 776 2217 insidiarum
812 2176 1137 2229 periculorumque
1171 2190 1314 2215 memor
1347 2175 1562 2219 Theseum,
1600 2187 1713 2226 quem
1741 2174 1830 2212 huic
1861 2179 1982 2213 terrae
2017 2187 2202 2226 praeesse

117 2243 289 2292 accepit,
312 2240 426 2292 jubet
452 2242 658 2287 advocare,
685 2242 810 2279 viator
837 2243 963 2277 autem
993 2241 1226 2284 illemonet,
1255 2252 1303 2277 ne
1329 2239 1507 2289 discedat
1534 2251 1581 2276 ex
1609 2250 1657 2277 eo
1685 2238 1789 2284 loco,
1818 2240 2038 2290 priusquam
2071 2238 2121 2278 ab
2149 2241 2202 2278 in-

116 2305 213 2343 colis
242 2306 330 2354 ejus
358 2306 565 2343 vicinitatis
592 2305 804 2355 acceperit,
842 2303 1033 2355 quomodo
1067 2316 1111 2342 se
1146 2303 1274 2353 possit
1307 2302 1491 2352 religione
1527 2301 1748 2347 exsolvere,
1787 2315 1861 2354 quo
1898 2302 1999 2340 facto
2037 2302 2203 2341 discedit

114 2367 271 2407 chorum
299 2367 553 2406 advocaturus
580 2381 603 2406 e
630 2366 791 2408 senibus
821 2366 1035 2405 Coloniatis
1061 2367 1329 2418 compositum.
1708 2365 1715 2372 ‘

324 2431 425 2469 Hinc
446 2431 627 2469 docemur
652 2443 737 2483 per
764 2442 898 2482 quam
929 2430 1017 2466 ille
1044 2434 1225 2480 portam
1255 2430 1584 2474 discesserit,
1614 2428 1694 2467 fieri
1715 2429 1816 2467 enim
1840 2441 1915 2467 non
1937 2431 2079 2479 potest,
2109 2429 2198 2481 quin

111 2510 178 2546 per
206 2495 368 2532 eandem
396 2474 536 2532 ssorus
564 2496 696 2541 intret3
726 2496 790 2545 qui
820 2506 934 2545 quum
955 2498 1107 2544 propter
1135 2494 1256 2544 ipsam
1286 2504 1489 2545 personam
1512 2504 1622 2531 suam
1651 2491 1761 2538 (sunt
1781 2492 1881 2530 enim
1906 2490 2009 2530 illius
2032 2492 2199 2543 regionis

516 2584 520 2587 .
555 2565 580 2591 ε

152 2621 192 2661 ”)
216 2621 474 2653 Dissentiendam
498 2620 597 2660 igitur
619 2621 680 2652 erit
702 2630 722 2651 a
745 2620 885 2651 acclamo
909 2620 947 2650 ad
971 2628 1124 2651 versura·
1149 2620 1321 2660 Oedipodis
1343 2619 1453 2652 sedem
1476 2618 1651 2659 reikis-to,
1671 2626 1702 2659 p.
1719 2615 1775 2651 8¹.
