2428 2915
1078 108 1238 189 ⁶10

374 255 522 295 lsmena
560 259 682 308 patris
717 260 938 309 sororisque
973 261 1070 309 petit
1105 258 1325 308 amplexus:
1362 260 1547 297 exhausta
1584 261 1781 311 utriusque
1816 260 2009 298 revisendi
2044 260 2248 298 dulcedine

160 320 407 373 perlatisque,
436 332 535 373 quac
564 322 744 359 nuntians
773 320 991 367 advenerat,
1021 320 1238 373 Oedipodis
1262 322 1442 373 expiandi
1470 323 1634 374 suscipit
1654 333 1805 368 munus,
1832 333 1907 375 qna
1935 324 1974 361 ln
2002 334 2043 362 re
2070 334 2185 374 quum
2208 323 2246 361 in

161 386 362 422 Creontem
390 383 659 422 advenientem
688 384 853 429 incidat,
891 385 1081 436 sequitur,
1110 388 1151 421 ut
1177 384 1332 430 eadem,
1362 398 1437 438 qna
1465 396 1621 424 scenam
1649 386 1819 431 intravit,
1847 386 1909 423 via
1935 395 1983 424 ex
2019 398 2067 424 ea
2101 386 2247 425 disces-

159 447 274 484 serit:
303 459 439 485 nemus
467 448 570 485 enim
598 451 664 486 aut
691 448 857 499 aliquam
887 452 988 485 certe
1018 447 1106 498 ejus
1131 451 1276 498 partem
1305 448 1500 487 circumire
1524 450 1640 499 jussa
1666 453 1729 486 est
1756 462 1791 486 v.
1818 446 1911 486 495.

372 508 552 561 Oedipus
589 511 729 549 deinde
766 521 850 548 cum
889 509 1019 548 multis
1046 509 1278 560 singultibus
1304 512 1497 550 satisfacit
1529 511 1646 549 choro
1682 511 1732 550 de
1769 512 1840 557 iis,
1877 523 1976 564 quae
2003 511 2246 564 deliquisset,

160 572 395 617 sciscitanti,
432 574 587 611 advenit
615 574 817 617 Theseus,
854 575 918 624 qui
954 585 1066 624 quum
1106 572 1271 610 Athenis
1307 575 1517 612 arcessitus
1553 575 1625 619 eit,
1663 575 1791 625 prodit
1826 587 1847 613 e
1884 579 2028 626 porta
2061 575 2246 620 dextra,

161 649 261 688 quae
289 637 376 687 sine
413 635 528 674 dubio
564 635 883 687 ipsam'urbis
921 641 1108 686 portam
1147 637 1490 686 spectantibus
1524 638 1962 687 repraesentabat,
1995 639 2048 676 ita
2081 643 2124 676 ut
2159 639 2248 675 hinc

161 700 268 736 illinc
310 700 405 753 muri
441 703 638 750 turresque
683 700 1009 750 conspicerentur.
1073 700 1247 749 Recepto
1295 701 1332 737 in
1370 700 1481 739 iidem
1519 699 1726 750 Oedipode
1760 699 1942 739 Theseus
1975 700 2141 739 discedit
2173 701 2247 740 Ne-

162 765 347 815 ptunique
374 763 470 814 petit
496 774 598 799 aram
626 762 910 800 sacrificaturus
934 760 1028 807 883,
1056 775 1182 814 qnam,
1211 764 1248 799 in
1277 764 1419 801 montis
1444 774 1603 801 recessu
1631 764 1810 814 positam,
1840 776 1914 801 non
1944 764 2068 802 fuisse
2096 765 2134 802 in
2162 777 2247 802 con-

162 830 299 877 spectu
329 825 564 871 monuimus3
595 838 663 875 per
690 830 837 877 portam
867 825 979 876 igitur
1005 827 1145 875 regiam
1172 824 1347 864 discedit.

373 888 698 941 Cujusabsentia
724 897 820 926 usus
849 889 985 933 Creon,
1016 890 1079 939 qui
1108 889 1146 926 id
1174 890 1271 939 agit,
1299 894 1341 927 ut
1370 890 1612 941 Oedipodem
1642 893 1706 928 aut
1733 889 1921 941 placatum
1951 881 2151 928 Thebanis
2183 895 2248 928 aut

163 953 199 990 vi
229 957 267 990 et
294 953 410 989 minis
437 950 613 996 abducat,
642 964 712 1002 per
739 951 960 989 orchestrae
988 956 1132 1001 portam
1162 953 1357 989 sinistram
1387 955 1532 991 intrans
1559 953 1607 990 ab
1629 954 1821 1002 Antigone
1849 954 2084 1003 conspicitur
2111 958 2151 991 et
2171 965 2248 990 mo-

163 1015 275 1052 deste
313 1014 490 1058 chorum,
528 1019 682 1065 propter
717 1026 829 1065 quem
866 1018 946 1051 erat
981 1016 1017 1052 ei
1046 1014 1384 1065 praetereundum,
1419 1019 1461 1052 ut
1495 1016 1531 1052 in
1561 1016 1748 1066 pulpitum
1777 1015 2021 1062 ascenderet,
2060 1015 2249 1053 allocutus

165 1078 408 1127 Oedipodem
438 1082 588 1121 monet,
626 1081 667 1114 ut
694 1078 831 1114 volens
861 1077 1074 1127 lubensque
1100 1087 1230 1113 secum
1259 1077 1531 1126 proficiscatur.
1589 1078 1677 1125 Quo
1706 1082 1867 1127 negante
1897 1079 2114 1128 Antigonen
2143 1077 2246 1114 abre-

164 1144 267 1191 ptam
297 1137 501 1177 comitibus
528 1139 659 1184 tradit,
689 1152 789 1191 quos
818 1143 1116 1177 consentaneum
1145 1143 1206 1177 est
1229 1139 1457 1177 substitisse
1486 1142 1523 1177 in
1553 1141 1747 1178 orchestra
1768 1138 1860 1185 822,
1889 1141 1954 1178 illa
1982 1152 2065 1178 cum
2093 1144 2247 1190 propter

165 1204 290 1253 ipsam
319 1203 426 1241 chori
455 1203 660 1241 stationem
689 1202 913 1240 abducenda
943 1203 1013 1247 sit,
1050 1214 1124 1239 non
1160 1202 1332 1240 videntur
1368 1203 1502 1241 inanes
1529 1205 1676 1249 minae,
1711 1216 1808 1255 quas
1835 1203 1975 1242 chorus
1998 1205 2141 1254 jactat,
2176 1203 2245 1241 sed

165 1267 279 1304 facile
315 1267 537 1315 intelligitur
573 1279 725 1316 pugnae
763 1267 943 1302 instantis
979 1265 1210 1302 simillimam
1247 1265 1369 1303 fuisse
1403 1268 1586 1316 speciem.
1642 1266 1792 1304 Similia
1828 1266 1916 1304 vide
1953 1279 2014 1318 ap.
2054 1267 2179 1317 Gepp.
2208 1266 2244 1302 d.

163 1328 276 1379 Eing.
306 1342 344 1379 p.
372 1326 439 1367 30.
497 1329 647 1367 Chorus
676 1330 813 1366 civium
850 1329 1059 1379 implorans
1093 1341 1204 1379 opem
1240 1329 1289 1366 ad
1324 1330 1490 1367 dextram
1528 1332 1672 1369 recedit
1706 1329 1925 1368 orchestrae
1960 1334 2123 1380 partem,
2158 1329 2246 1367 dum

163 1406 231 1444 per
257 1395 452 1431 sinistram
481 1392 679 1430 abducitur
705 1394 910 1442 Antigone.
968 1391 1063 1429 Tum
1090 1392 1211 1429 Creon
1241 1393 1277 1428 in
1307 1392 1494 1441 pulpitum
1523 1393 1639 1430 redux
1669 1394 1794 1443 ipsum
1822 1392 2109 1442 comprehendit
2131 1392 2246 1429 Oedi-

163 1457 317 1507 podem,
344 1456 415 1495 sed
445 1456 561 1494 choro
591 1456 720 1493 scalas
750 1453 963 1500 obsidente,
994 1454 1150 1492 Theseo
1179 1454 1292 1492 simul
1330 1468 1398 1504 per
1424 1459 1569 1506 portam
1599 1457 1738 1505 regiam
1768 1456 1984 1501 advolante,
2013 1457 2245 1505 interceptus

163 1522 200 1556 in
229 1533 366 1557 manus
394 1520 526 1557 incidit
556 1520 714 1564 Thesei,
744 1520 831 1570 qui,
861 1531 933 1569 qua
964 1519 1023 1554 via
1052 1517 1215 1555 abducta
1244 1522 1325 1555 erat
1351 1519 1562 1567 Antigone,
1591 1519 1726 1556 eadem
1761 1520 1846 1568 ipse
1875 1517 2085 1555 Thebanos
2118 1530 2245 1567 perse-

162 1587 286 1628 cutus,
316 1584 434 1621 altera
463 1583 547 1627 ilia,
578 1595 651 1633 qua
681 1582 859 1631 Oedipus
887 1581 1113 1624 advenerat,
1143 1580 1332 1617 exercitus
1360 1584 1505 1630 partem
1541 1580 1664 1618 lucum
1693 1582 1886 1619 circumire
1917 1579 2029 1631 jubet
2061 1584 2100 1618 et
2125 1579 2245 1618 disce-

162 1646 344 1683 dentibus
372 1647 511 1683 exitum
540 1644 752 1689 obstruere,
783 1645 930 1693 opinor,
960 1656 1007 1679 ne
1036 1645 1159 1692 major
1186 1646 1411 1679 armatorum
1447 1644 1556 1693 copia
1584 1655 1652 1693 per
1680 1656 1834 1681 scenam
1867 1647 1975 1680 esset
2001 1642 2244 1681 traducenda.

163 1709 241 1746 Per
269 1709 502 1746 orchestram
538 1707 699 1745 redeunt
727 1707 920 1755 Antigone
949 1710 987 1742 et
1015 1706 1183 1749 Ismene,
1222 1706 1402 1743 Theseus
1438 1711 1561 1742 autem
1590 1719 1673 1743 cum
1703 1706 1896 1757 equitibus
1932 1707 2048 1742 altera
2083 1705 2148 1741 illa
2186 1706 2244 1741 via

165 1772 304 1809 circum
325 1771 521 1809 Furiarum
552 1770 676 1807 lucum
706 1768 900 1819 profectus
924 1769 1005 1818 jam
1029 1769 1176 1817 accepit
1204 1769 1374 1807 nuntium
1404 1768 1451 1806 de
1472 1768 1659 1818 Polynice
1686 1769 1735 1806 ad
1758 1768 1926 1818 Neptuni
1956 1780 2057 1805 aram
2086 1768 2245 1805 sedente

164 1838 203 1872 et
230 1847 299 1885 per
326 1838 473 1885 portam
503 1832 643 1883 regiam
673 1835 712 1869 et
740 1832 825 1883 ipse
853 1834 892 1869 et
921 1830 1137 1882 Oedipodis
1165 1831 1267 1870 filius
1295 1836 1332 1870 et
1359 1832 1496 1870 intrare
1524 1836 1562 1870 ct
1587 1831 1787 1871 discedere
1815 1830 2031 1870 censendus
2058 1833 2130 1868 est.

375 1897 544 1935 Ultimus
578 1899 757 1946 superest
795 1894 1011 1945 Oedipodis
1047 1896 1172 1933 exitus
1200 1906 1235 1933 v.
1265 1892 1372 1932 1549
1406 1896 1443 1932 in
1472 1907 1558 1932 eum
1587 1895 1731 1940 locum,
1769 1907 1881 1946 quem
1916 1893 2040 1931 schol.
2077 1905 2112 1929 v.
2143 1889 2247 1930 1579

161 1961 238 2000 sibi
267 1961 463 2011 persuasit
491 1960 655 1998 eundem
684 1971 787 2003 esse,
817 1959 853 1995 in
883 1971 993 2009 quem
1023 1973 1057 1996 v.
1091 1956 1167 1996 110
1193 1957 1360 2003 abierat,
1395 1970 1507 2009 quem
1544 1962 1669 1995 tamen
1706 1962 1821 2007 poeta
1849 1955 2009 1993 mirabili
2043 1954 2246 1993 memoriae

161 2026 274 2076 lapsu
302 2037 403 2062 nunc
431 2027 536 2062 extra
566 2034 724 2061 scenam
750 2022 862 2058 situm
893 2021 1019 2070 fingat.
1077 2021 1179 2070 Quin
1210 2022 1319 2059 locus
1347 2021 1412 2058 ille
1441 2021 1476 2058 is
1504 2024 1602 2064 erat,
1641 2021 1677 2057 in
1708 2033 1782 2071 quo
1817 2033 1865 2058 nc
1892 2019 2057 2071 colloqui
2093 2018 2244 2069 quidem

160 2090 325 2127 auderes
352 2100 437 2125 cum
461 2087 681 2137 Oedipode,
712 2085 775 2122 hic
802 2096 877 2135 quo
903 2082 1095 2128 Theseus,
1124 2085 1237 2129 filiae,
1265 2084 1429 2121 ministri
1458 2085 1584 2134 ipsum
1611 2086 1828 2134 sequantur.
1855 2079 1971 2120 1581.
2014 2081 2095 2119 Sed
2117 2081 2245 2119 ludum

162 2152 253 2190 fecit
278 2152 359 2189 viro
388 2151 549 2189 doctiori
579 2160 692 2201 quam
714 2149 874 2186 acutiori
895 2148 1092 2196 χαλκοῦε
1120 2148 1185 2185 illo
1210 2143 1327 2192 ὁδός,
1354 2148 1403 2184 de
1431 2159 1505 2197 quo
1534 2158 1649 2196 supra
1672 2147 1930 2196 exposuimus.
1971 2145 2058 2183 Hoc
2085 2145 2245 2196 primum

160 2215 366 2254 tenendum
396 2218 469 2259 est,
498 2213 606 2251 multi
636 2213 814 2250 homines
842 2223 957 2262 quum
987 2210 1227 2260 Oedipodem
1256 2209 1518 2248 discedentem
1546 2209 1668 2246 secuti
1696 2210 1792 2254 sint,
1820 2222 1894 2247 non
1926 2209 2015 2259 fingi
2043 2221 2129 2246 eum
2156 2220 2243 2245 con-

159 2280 267 2317 tinuo
295 2290 431 2316 nemus
458 2277 653 2316 Furiarum
684 2277 872 2319 intrasse,
900 2274 972 2311 sed
1000 2274 1231 2324 aliquamdiu
1259 2277 1415 2323 propter
1450 2274 1537 2323 ejus
1565 2286 1667 2311 oram
1707 2275 1933 2311 incessisse.
1987 2273 2101 2310 Viam
2129 2284 2243 2322 quum

158 2341 208 2379 ab
235 2345 395 2392 utraque
425 2340 542 2391 hujus
571 2340 737 2376 nemoris
765 2342 874 2389 parte
903 2337 1026 2374 fuisse
1051 2337 1268 2381 viderimus,
1297 2336 1474 2373 alterutra
1496 2336 1704 2386 profectum
1733 2348 1823 2375 esse
1843 2338 2141 2374 consentaneum
2169 2336 2242 2378 est,

157 2409 199 2443 et
225 2416 340 2456 quum
369 2404 435 2441 illa
462 2416 531 2454 per
559 2402 794 2440 orchestram
824 2403 861 2439 in
891 2413 1025 2438 senem
1053 2413 1208 2438 caecum
1237 2412 1310 2437 non
1341 2399 1474 2444 cadat,
1503 2412 1571 2449 per
1598 2404 1744 2450 portam
1773 2400 1915 2449 regiam
1952 2397 2148 2440 discessit,
2176 2408 2244 2446 per

159 2467 320 2505 eandem
349 2467 510 2505 adeunt
538 2466 705 2510 nuntius,
736 2465 929 2514 Antigone
957 2475 1041 2501 eum
1070 2462 1220 2502 ismena
1247 2465 1287 2501 et
1313 2460 1505 2500 Theseus.

366 2530 428 2567 De
456 2530 554 2573 loco,
582 2528 647 2566 ubi
676 2527 920 2578 Oedipodem
949 2530 1046 2563 terra
1074 2526 1254 2571 hauserit,
1283 2526 1457 2577 quamvis
1485 2530 1655 2563 nostrum
1684 2537 1760 2562 non
1789 2525 1841 2561 sit
1870 2532 2080 2573 exponere,
2109 2524 2242 2572 utpote

156 2595 222 2647 qui
251 2605 273 2631 a
302 2597 560 2645 spectatorum
597 2592 720 2630 oculis
748 2594 858 2630 esset
883 2594 1064 2635 remotus,
1093 2591 1227 2641 paucis
1255 2593 1381 2628 tamen
1419 2587 1674 2629 monebimus.
1730 2586 1859 2637 Maior
1890 2598 1981 2636 pars
2019 2585 2136 2635 hujus
2163 2581 2243 2623 Fu-

156 2659 291 2696 riarum
321 2657 488 2694 nemoris
517 2668 591 2693 non
622 2659 701 2693 erat
729 2655 839 2694 locus
868 2654 1007 2699 editus,
1037 2654 1149 2692 collis
1176 2657 1241 2692 aut
1261 2665 1386 2698 mous,
1415 2652 1487 2691 sed
1515 2652 1592 2690 alte
1614 2651 1836 2701 depressus,
1863 2648 1976 2687 vallis
2004 2652 2069 2686 ant
2088 2659 2242 2697 vorago,
