<?xml version="1.0" encoding="UTF-8"?>
<!DOCTYPE html PUBLIC "-//W3C//DTD XHTML 1.0 Transitional//EN"
    "http://www.w3.org/TR/xhtml1/DTD/xhtml1-transitional.dtd">
<html xmlns="http://www.w3.org/1999/xhtml" xml:lang="en" lang="en">
 <head>
  <title>
</title>
<meta http-equiv="Content-Type" content="text/html;charset=utf-8" />
  <meta name='ocr-system' content='tesseract 3.04.00' />
  <meta name='ocr-capabilities' content='ocr_page ocr_carea ocr_par ocr_line ocrx_word'/>
</head>
<body>
  <div class='ocr_page' id='page_1' title='image "./4774168_0013.png"; bbox 0 0 2428 2915; ppageno 0'>
   <div class='ocr_carea' id='block_1_1' title="bbox 1070 77 1222 156">
    <p class='ocr_par' dir='ltr' id='par_1_1' title="bbox 1070 77 1222 156">
     <span class='ocr_line' id='line_1_1' title="bbox 1070 77 1222 156; baseline 0 0"><span class='ocrx_word' id='word_1_1' title='bbox 1070 100 1078 107; x_wconf 81' lang='grc'><em>·</em></span> <span class='ocrx_word' id='word_1_2' title='bbox 1183 77 1222 156; x_wconf 70' lang='lat'>7</span> 
     </span>
    </p>
   </div>
   <div class='ocr_carea' id='block_1_2' title="bbox 1214 149 1403 158">
    <p class='ocr_par' dir='ltr' id='par_1_2' title="bbox 1214 149 1403 158">
     <span class='ocr_line' id='line_1_2' title="bbox 1214 149 1403 158; baseline 0 0"><span class='ocrx_word' id='word_1_3' title='bbox 1214 149 1403 158; x_wconf 95' lang='lat' dir='ltr'> </span> 
     </span>
    </p>
   </div>
   <div class='ocr_carea' id='block_1_3' title="bbox 144 223 2300 2620">
    <p class='ocr_par' dir='ltr' id='par_1_3' title="bbox 157 223 2300 1609">
     <span class='ocr_line' id='line_1_3' title="bbox 167 223 2246 279; baseline -0.005 -8"><span class='ocrx_word' id='word_1_4' title='bbox 167 233 330 279; x_wconf 76' lang='lat' dir='ltr'>incolae&gt;</span> <span class='ocrx_word' id='word_1_5' title='bbox 357 246 406 270; x_wconf 79' lang='lat' dir='ltr'>ex-</span> <span class='ocrx_word' id='word_1_6' title='bbox 430 233 498 271; x_wconf 88' lang='lat' dir='ltr'>illa</span> <span class='ocrx_word' id='word_1_7' title='bbox 523 231 695 269; x_wconf 73' lang='lat' dir='ltr'><strong>Pollucis</strong></span> <span class='ocrx_word' id='word_1_8' title='bbox 721 230 806 279; x_wconf 72' lang='lat' dir='ltr'>lege</span> <span class='ocrx_word' id='word_1_9' title='bbox 835 240 903 278; x_wconf 83' lang='lat' dir='ltr'>per</span> <span class='ocrx_word' id='word_1_10' title='bbox 927 231 1077 277; x_wconf 70' lang='lat' dir='ltr'>portam</span> <span class='ocrx_word' id='word_1_11' title='bbox 1105 227 1327 269; x_wconf 70' lang='lat' dir='ltr'>orchestrae</span> <span class='ocrx_word' id='word_1_12' title='bbox 1354 226 1521 265; x_wconf 76' lang='lat' dir='ltr'><strong>dextram</strong></span> <span class='ocrx_word' id='word_1_13' title='bbox 1546 228 1682 265; x_wconf 86' lang='lat' dir='ltr'>intrare</span> <span class='ocrx_word' id='word_1_14' title='bbox 1710 226 1862 272; x_wconf 78' lang='lat' dir='ltr'>debeat,</span> <span class='ocrx_word' id='word_1_15' title='bbox 1891 227 2075 277; x_wconf 81' lang='lat' dir='ltr'>sequitur,</span> <span class='ocrx_word' id='word_1_16' title='bbox 2105 228 2147 262; x_wconf 91' lang='lat' dir='ltr'>ut</span> <span class='ocrx_word' id='word_1_17' title='bbox 2175 223 2246 261; x_wconf 85' lang='lat' dir='ltr'>hac</span> 
     </span>
     <span class='ocr_line' id='line_1_4' title="bbox 166 287 2300 342; baseline -0.007 -6"><span class='ocrx_word' id='word_1_18' title='bbox 166 296 291 336; x_wconf 82' lang='lat' dir='ltr'>viator·</span> <span class='ocrx_word' id='word_1_19' title='bbox 300 294 543 334; x_wconf 73' lang='lat' dir='ltr'>discesserit.</span> <span class='ocrx_word' id='word_1_20' title='bbox 584 291 790 342; x_wconf 75' lang='lat' dir='ltr'><strong>Quomodo</strong></span> <span class='ocrx_word' id='word_1_21' title='bbox 806 290 907 330; x_wconf 75' lang='lat' dir='ltr'>enim</span> <span class='ocrx_word' id='word_1_22' title='bbox 929 289 1008 330; x_wconf 73' lang='lat' dir='ltr'>lieri</span> <span class='ocrx_word' id='word_1_23' title='bbox 1030 293 1171 341; x_wconf 86' lang='lat' dir='ltr'>potest,</span> <span class='ocrx_word' id='word_1_24' title='bbox 1193 294 1235 332; x_wconf 85' lang='lat' dir='ltr'>ut</span> <span class='ocrx_word' id='word_1_25' title='bbox 1248 303 1316 342; x_wconf 83' lang='lat' dir='ltr'>per</span> <span class='ocrx_word' id='word_1_26' title='bbox 1330 289 1443 331; x_wconf 85' lang='lat' dir='ltr'>aliam</span> <span class='ocrx_word' id='word_1_27' title='bbox 1458 293 1616 340; x_wconf 85' lang='lat' dir='ltr'>portam,</span> <span class='ocrx_word' id='word_1_28' title='bbox 1638 302 1737 342; x_wconf 85' lang='lat' dir='ltr'>qnos</span> <span class='ocrx_word' id='word_1_29' title='bbox 1752 290 2003 335; x_wconf 80' lang='lat' dir='ltr'><strong>advocaverit,</strong></span> <span class='ocrx_word' id='word_1_30' title='bbox 2027 287 2245 332; x_wconf 79' lang='lat' dir='ltr'>adveniant,</span> <span class='ocrx_word' id='word_1_31' title='bbox 2293 307 2300 322; x_wconf 88' lang='lat'>.-</span> 
     </span>
     <span class='ocr_line' id='line_1_5' title="bbox 164 353 2289 409; baseline -0.004 -14"><span class='ocrx_word' id='word_1_32' title='bbox 164 372 233 409; x_wconf 80' lang='lat' dir='ltr'>per</span> <span class='ocrx_word' id='word_1_33' title='bbox 258 358 372 400; x_wconf 76' lang='lat' dir='ltr'>aliam</span> <span class='ocrx_word' id='word_1_34' title='bbox 400 359 487 408; x_wconf 88' lang='lat' dir='ltr'>ipse</span> <span class='ocrx_word' id='word_1_35' title='bbox 514 357 769 393; x_wconf 64' lang='lat' dir='ltr'>advocatur-us</span> <span class='ocrx_word' id='word_1_36' title='bbox 796 354 943 398; x_wconf 86' lang='lat' dir='ltr'>avolet,</span> <span class='ocrx_word' id='word_1_37' title='bbox 971 355 1193 402; x_wconf 81' lang='lat' dir='ltr'>praesertim</span> <span class='ocrx_word' id='word_1_38' title='bbox 1222 366 1337 405; x_wconf 85' lang='lat' dir='ltr'>quum</span> <span class='ocrx_word' id='word_1_39' title='bbox 1365 354 1441 397; x_wconf 89' lang='lat' dir='ltr'>illi,</span> <span class='ocrx_word' id='word_1_40' title='bbox 1468 356 1532 404; x_wconf 80' lang='lat' dir='ltr'>qui</span> <span class='ocrx_word' id='word_1_41' title='bbox 1561 355 1802 404; x_wconf 77' lang='lat' dir='ltr'>Oedipodem</span> <span class='ocrx_word' id='word_1_42' title='bbox 1840 367 1912 390; x_wconf 89' lang='lat' dir='ltr'>non</span> <span class='ocrx_word' id='word_1_43' title='bbox 1943 353 2156 399; x_wconf 76' lang='lat' dir='ltr'>inveniunt,</span> <span class='ocrx_word' id='word_1_44' title='bbox 2195 363 2244 387; x_wconf 88' lang='lat' dir='ltr'>ue</span> <span class='ocrx_word' id='word_1_45' title='bbox 2282 366 2289 396; x_wconf 64' lang='lat' dir='ltr'><em>g</em></span> 
     </span>
     <span class='ocr_line' id='line_1_6' title="bbox 165 415 2289 472; baseline -0.004 -12"><span class='ocrx_word' id='word_1_46' title='bbox 165 425 345 464; x_wconf 72' lang='lat' dir='ltr'>moneant</span> <span class='ocrx_word' id='word_1_47' title='bbox 370 420 537 472; x_wconf 74' lang='lat' dir='ltr'>quidem,</span> <span class='ocrx_word' id='word_1_48' title='bbox 565 418 642 456; x_wconf 86' lang='lat' dir='ltr'>alia</span> <span class='ocrx_word' id='word_1_49' title='bbox 668 430 755 456; x_wconf 89' lang='lat' dir='ltr'>eum</span> <span class='ocrx_word' id='word_1_50' title='bbox 782 417 959 468; x_wconf 84' lang='lat' dir='ltr'>potuisse</span> <span class='ocrx_word' id='word_1_51' title='bbox 985 416 1048 457; x_wconf 80' lang='lat' dir='ltr'>via</span> <span class='ocrx_word' id='word_1_52' title='bbox 1074 429 1121 455; x_wconf 86' lang='lat' dir='ltr'>ex</span> <span class='ocrx_word' id='word_1_53' title='bbox 1148 417 1213 457; x_wconf 84' lang='lat' dir='ltr'>illo</span> <span class='ocrx_word' id='word_1_54' title='bbox 1242 417 1328 457; x_wconf 81' lang='lat' dir='ltr'>loeo</span> <span class='ocrx_word' id='word_1_55' title='bbox 1357 416 1568 455; x_wconf 83' lang='lat' dir='ltr'>discedere.</span> <span class='ocrx_word' id='word_1_56' title='bbox 1623 418 1802 463; x_wconf 80' lang='lat' dir='ltr'>Accedit,</span> <span class='ocrx_word' id='word_1_57' title='bbox 1831 417 1932 468; x_wconf 86' lang='lat' dir='ltr'>quod</span> <span class='ocrx_word' id='word_1_58' title='bbox 1961 430 2007 457; x_wconf 81' lang='lat' dir='ltr'>ex</span> <span class='ocrx_word' id='word_1_59' title='bbox 2033 415 2241 465; x_wconf 85' lang='lat' dir='ltr'>longinquo</span> <span class='ocrx_word' id='word_1_60' title='bbox 2285 418 2289 434; x_wconf 99' lang='lat'>⁸</span> 
     </span>
     <span class='ocr_line' id='line_1_7' title="bbox 165 477 2297 533; baseline -0.005 -10"><span class='ocrx_word' id='word_1_61' title='bbox 165 486 287 523; x_wconf 80' lang='lat' dir='ltr'>viator</span> <span class='ocrx_word' id='word_1_62' title='bbox 322 497 406 521; x_wconf 86' lang='lat' dir='ltr'>cum</span> <span class='ocrx_word' id='word_1_63' title='bbox 435 481 641 533; x_wconf 74' lang='lat' dir='ltr'>Oedipode</span> <span class='ocrx_word' id='word_1_64' title='bbox 677 480 827 518; x_wconf 78' lang='lat' dir='ltr'>videtur</span> <span class='ocrx_word' id='word_1_65' title='bbox 862 478 1048 531; x_wconf 83' lang='lat' dir='ltr'>colloqui,</span> <span class='ocrx_word' id='word_1_66' title='bbox 1082 493 1196 530; x_wconf 79' lang='lat' dir='ltr'>quare</span> <span class='ocrx_word' id='word_1_67' title='bbox 1230 481 1291 521; x_wconf 81' lang='lat' dir='ltr'>vix</span> <span class='ocrx_word' id='word_1_68' title='bbox 1320 484 1456 531; x_wconf 77' lang='lat' dir='ltr'>potest</span> <span class='ocrx_word' id='word_1_69' title='bbox 1483 480 1637 525; x_wconf 87' lang='lat' dir='ltr'>eadem,</span> <span class='ocrx_word' id='word_1_70' title='bbox 1676 496 1749 532; x_wconf 89' lang='lat' dir='ltr'>qua</span> <span class='ocrx_word' id='word_1_71' title='bbox 1777 482 1952 531; x_wconf 84' lang='lat' dir='ltr'>Oedipus</span> <span class='ocrx_word' id='word_1_72' title='bbox 1987 480 2046 517; x_wconf 89' lang='lat' dir='ltr'>via</span> <span class='ocrx_word' id='word_1_73' title='bbox 2074 480 2110 516; x_wconf 93' lang='lat' dir='ltr'>in</span> <span class='ocrx_word' id='word_1_74' title='bbox 2141 477 2242 521; x_wconf 81' lang='lat' dir='ltr'>hunc</span> <span class='ocrx_word' id='word_1_75' title='bbox 2291 488 2297 495; x_wconf 78' lang='lat'><strong>·</strong></span> 
     </span>
     <span class='ocr_line' id='line_1_8' title="bbox 165 543 2298 596; baseline -0.005 -9"><span class='ocrx_word' id='word_1_76' title='bbox 165 548 289 587; x_wconf 80' lang='lat' dir='ltr'>locum</span> <span class='ocrx_word' id='word_1_77' title='bbox 316 558 408 586; x_wconf 82' lang='lat' dir='ltr'>esse</span> <span class='ocrx_word' id='word_1_78' title='bbox 436 545 606 585; x_wconf 74' lang='lat' dir='ltr'>delatus:</span> <span class='ocrx_word' id='word_1_79' title='bbox 636 557 683 583; x_wconf 84' lang='lat' dir='ltr'>ne</span> <span class='ocrx_word' id='word_1_80' title='bbox 710 543 840 588; x_wconf 84' lang='lat' dir='ltr'>muita,</span> <span class='ocrx_word' id='word_1_81' title='bbox 869 546 911 582; x_wconf 80' lang='lat' dir='ltr'>ut</span> <span class='ocrx_word' id='word_1_82' title='bbox 938 556 1006 595; x_wconf 82' lang='lat' dir='ltr'>per</span> <span class='ocrx_word' id='word_1_83' title='bbox 1032 543 1200 585; x_wconf 78' lang='lat' dir='ltr'>dextram</span> <span class='ocrx_word' id='word_1_84' title='bbox 1228 543 1447 585; x_wconf 79' lang='lat' dir='ltr'>orchestrae</span> <span class='ocrx_word' id='word_1_85' title='bbox 1475 548 1620 595; x_wconf 88' lang='lat' dir='ltr'>portam</span> <span class='ocrx_word' id='word_1_86' title='bbox 1650 544 1845 590; x_wconf 79' lang='lat' dir='ltr'>discessit,</span> <span class='ocrx_word' id='word_1_87' title='bbox 1876 546 1926 582; x_wconf 92' lang='lat' dir='ltr'>ita</span> <span class='ocrx_word' id='word_1_88' title='bbox 1954 556 2021 596; x_wconf 86' lang='lat' dir='ltr'>per</span> <span class='ocrx_word' id='word_1_89' title='bbox 2047 543 2238 580; x_wconf 80' lang='lat' dir='ltr'>sinistram</span> <span class='ocrx_word' id='word_1_90' title='bbox 2293 551 2298 563; x_wconf 71' lang='lat'><em>³</em></span> 
     </span>
     <span class='ocr_line' id='line_1_9' title="bbox 164 605 2295 660; baseline -0.003 -12"><span class='ocrx_word' id='word_1_91' title='bbox 164 612 332 655; x_wconf 75' lang='lat' dir='ltr'>intravit,</span> <span class='ocrx_word' id='word_1_92' title='bbox 370 623 418 648; x_wconf 80' lang='lat' dir='ltr'>ex</span> <span class='ocrx_word' id='word_1_93' title='bbox 446 609 641 651; x_wconf 71' lang='lat' dir='ltr'>orchestra</span> <span class='ocrx_word' id='word_1_94' title='bbox 670 609 782 657; x_wconf 86' lang='lat' dir='ltr'>igitur</span> <span class='ocrx_word' id='word_1_95' title='bbox 817 608 855 646; x_wconf 90' lang='lat' dir='ltr'>in</span> <span class='ocrx_word' id='word_1_96' title='bbox 885 607 1071 657; x_wconf 71' lang='lat' dir='ltr'>pulpitum</span> <span class='ocrx_word' id='word_1_97' title='bbox 1102 609 1251 648; x_wconf 81' lang='lat' dir='ltr'>omnino</span> <span class='ocrx_word' id='word_1_98' title='bbox 1279 620 1354 645; x_wconf 90' lang='lat' dir='ltr'>non</span> <span class='ocrx_word' id='word_1_99' title='bbox 1383 609 1578 653; x_wconf 87' lang='lat' dir='ltr'>ascendit,</span> <span class='ocrx_word' id='word_1_100' title='bbox 1616 611 1728 659; x_wconf 81' lang='lat' dir='ltr'>cujus</span> <span class='ocrx_word' id='word_1_101' title='bbox 1763 610 1816 646; x_wconf 92' lang='lat' dir='ltr'>rei</span> <span class='ocrx_word' id='word_1_102' title='bbox 1847 609 2063 660; x_wconf 84' lang='lat' dir='ltr'>Geppertus</span> <span class='ocrx_word' id='word_1_103' title='bbox 2091 605 2171 651; x_wconf 72' lang='lat' dir='ltr'>(fib.</span> <span class='ocrx_word' id='word_1_104' title='bbox 2200 605 2237 643; x_wconf 81' lang='lat' dir='ltr'>d,</span> <span class='ocrx_word' id='word_1_105' title='bbox 2290 612 2295 615; x_wconf 86' lang='grc'><strong>’</strong></span> 
     </span>
     <span class='ocr_line' id='line_1_10' title="bbox 161 668 2237 724; baseline -0.003 -13"><span class='ocrx_word' id='word_1_106' title='bbox 161 673 373 724; x_wconf 63' lang='grc' dir='ltr'>Εἰοςὸιιςο,</span> <span class='ocrx_word' id='word_1_107' title='bbox 400 687 439 724; x_wconf 87' lang='lat' dir='ltr'>p.</span> <span class='ocrx_word' id='word_1_108' title='bbox 463 669 655 716; x_wconf 65' lang='lat' dir='ltr'>ffl-25‚)</span> <span class='ocrx_word' id='word_1_109' title='bbox 685 684 732 708; x_wconf 87' lang='lat' dir='ltr'>ex</span> <span class='ocrx_word' id='word_1_110' title='bbox 759 669 958 719; x_wconf 78' lang='lat' dir='ltr'>Aeschylo</span> <span class='ocrx_word' id='word_1_111' title='bbox 988 670 1063 710; x_wconf 83' lang='lat' dir='ltr'>duo</span> <span class='ocrx_word' id='word_1_112' title='bbox 1092 672 1188 710; x_wconf 76' lang='lat' dir='ltr'>satis</span> <span class='ocrx_word' id='word_1_113' title='bbox 1210 671 1413 711; x_wconf 80' lang='lat' dir='ltr'>manifesta</span> <span class='ocrx_word' id='word_1_114' title='bbox 1441 672 1614 723; x_wconf 86' lang='lat' dir='ltr'>exempla</span> <span class='ocrx_word' id='word_1_115' title='bbox 1641 672 1777 710; x_wconf 85' lang='lat' dir='ltr'>attulit.</span> <span class='ocrx_word' id='word_1_116' title='bbox 1819 672 1903 710; x_wconf 90' lang='lat' dir='ltr'>Jam</span> <span class='ocrx_word' id='word_1_117' title='bbox 1932 682 2138 722; x_wconf 87' lang='lat' dir='ltr'>possumus</span> <span class='ocrx_word' id='word_1_118' title='bbox 2162 668 2237 705; x_wconf 88' lang='lat' dir='ltr'>alia</span> 
     </span>
     <span class='ocr_line' id='line_1_11' title="bbox 161 734 2237 787; baseline -0.003 -12"><span class='ocrx_word' id='word_1_119' title='bbox 161 739 307 776; x_wconf 89' lang='lat' dir='ltr'>ratione</span> <span class='ocrx_word' id='word_1_120' title='bbox 336 737 436 775; x_wconf 84' lang='lat' dir='ltr'>hanc</span> <span class='ocrx_word' id='word_1_121' title='bbox 461 735 681 773; x_wconf 73' lang='lat' dir='ltr'>confirmare</span> <span class='ocrx_word' id='word_1_122' title='bbox 716 734 967 778; x_wconf 80' lang='lat' dir='ltr'>senteutiam,</span> <span class='ocrx_word' id='word_1_123' title='bbox 1006 734 1177 774; x_wconf 77' lang='lat' dir='ltr'>coloni</span> <span class='ocrx_word' id='word_1_124' title='bbox 1214 736 1314 775; x_wconf 86' lang='lat' dir='ltr'>enim</span> <span class='ocrx_word' id='word_1_125' title='bbox 1350 735 1517 775; x_wconf 82' lang='lat' dir='ltr'>herois</span> <span class='ocrx_word' id='word_1_126' title='bbox 1553 741 1831 787; x_wconf 83' lang='lat' dir='ltr'>equestrem</span> <span class='ocrx_word' id='word_1_127' title='bbox 1869 739 2081 772; x_wconf 89' lang='lat' dir='ltr'>statuam</span> <span class='ocrx_word' id='word_1_128' title='bbox 2118 734 2237 770; x_wconf 86' lang='lat' dir='ltr'>viator</span> 
     </span>
     <span class='ocr_line' id='line_1_12' title="bbox 163 795 2235 850; baseline -0.002 -11"><span class='ocrx_word' id='word_1_129' title='bbox 163 800 399 839; x_wconf 82' lang='lat' dir='ltr'>demonstrat</span> <span class='ocrx_word' id='word_1_130' title='bbox 425 796 495 837; x_wconf 76' lang='lat'>59:</span> <span class='ocrx_word' id='word_1_131' title='bbox 534 801 767 850; x_wconf 87' lang='lat' dir='ltr'>compertum</span> <span class='ocrx_word' id='word_1_132' title='bbox 801 799 927 835; x_wconf 82' lang='lat' dir='ltr'>autern</span> <span class='ocrx_word' id='word_1_133' title='bbox 955 795 1158 843; x_wconf 74' lang='lat' dir='ltr'>habemus,</span> <span class='ocrx_word' id='word_1_134' title='bbox 1194 798 1378 848; x_wconf 78' lang='lat' dir='ltr'>parietem</span> <span class='ocrx_word' id='word_1_135' title='bbox 1415 810 1437 835; x_wconf 92' lang='lat' dir='ltr'>e</span> <span class='ocrx_word' id='word_1_136' title='bbox 1473 800 1674 849; x_wconf 87' lang='lat' dir='ltr'>proscenio</span> <span class='ocrx_word' id='word_1_137' title='bbox 1712 800 1749 838; x_wconf 92' lang='lat' dir='ltr'>in</span> <span class='ocrx_word' id='word_1_138' title='bbox 1779 798 2010 837; x_wconf 82' lang='lat' dir='ltr'>orchestram</span> <span class='ocrx_word' id='word_1_139' title='bbox 2046 796 2235 848; x_wconf 88' lang='lat' dir='ltr'>dejectum</span> 
     </span>
     <span class='ocr_line' id='line_1_13' title="bbox 161 858 2234 913; baseline -0.001 -12"><span class='ocrx_word' id='word_1_140' title='bbox 161 866 300 901; x_wconf 82' lang='lat' dir='ltr'>statuis</span> <span class='ocrx_word' id='word_1_141' title='bbox 326 864 450 900; x_wconf 69' lang='lat' dir='ltr'>fuisse</span> <span class='ocrx_word' id='word_1_142' title='bbox 478 866 667 899; x_wconf 86' lang='lat' dir='ltr'>ornatum:</span> <span class='ocrx_word' id='word_1_143' title='bbox 697 861 834 897; x_wconf 84' lang='lat' dir='ltr'>Pollux</span> <span class='ocrx_word' id='word_1_144' title='bbox 862 860 929 904; x_wconf 90' lang='lat' dir='ltr'>lv,</span> <span class='ocrx_word' id='word_1_145' title='bbox 958 858 1022 904; x_wconf 82' lang='lat'>19,</span> <span class='ocrx_word' id='word_1_146' title='bbox 1051 858 1140 904; x_wconf 66' lang='lat'>1³24,</span> <span class='ocrx_word' id='word_1_147' title='bbox 1168 861 1317 907; x_wconf 71' lang='lat' dir='ltr'>Biickh,</span> <span class='ocrx_word' id='word_1_148' title='bbox 1346 874 1384 911; x_wconf 74' lang='lat' dir='ltr'>p.</span> <span class='ocrx_word' id='word_1_149' title='bbox 1411 859 1476 906; x_wconf 87' lang='lat'>81,</span> <span class='ocrx_word' id='word_1_150' title='bbox 1509 862 1632 912; x_wconf 86' lang='lat' dir='ltr'>Gepp.</span> <span class='ocrx_word' id='word_1_151' title='bbox 1662 864 1752 913; x_wconf 85' lang='lat' dir='ltr'>altg.</span> <span class='ocrx_word' id='word_1_152' title='bbox 1781 864 1933 907; x_wconf 81' lang='lat' dir='ltr'>Biihnc,</span> <span class='ocrx_word' id='word_1_153' title='bbox 1960 859 2026 906; x_wconf 88' lang='lat'>98,</span> <span class='ocrx_word' id='word_1_154' title='bbox 2059 858 2156 904; x_wconf 81' lang='lat'>10&#39;23</span> <span class='ocrx_word' id='word_1_155' title='bbox 2196 864 2234 895; x_wconf 80' lang='lat' dir='ltr'>et</span> 
     </span>
     <span class='ocr_line' id='line_1_14' title="bbox 160 922 2234 976; baseline -0.003 -13"><span class='ocrx_word' id='word_1_156' title='bbox 160 926 385 967; x_wconf 77' lang='lat' dir='ltr'>Andocides</span> <span class='ocrx_word' id='word_1_157' title='bbox 421 926 470 962; x_wconf 83' lang='lat' dir='ltr'>de</span> <span class='ocrx_word' id='word_1_158' title='bbox 503 928 618 973; x_wconf 80' lang='lat' dir='ltr'>myst.</span> <span class='ocrx_word' id='word_1_159' title='bbox 653 938 692 973; x_wconf 89' lang='lat' dir='ltr'>p.</span> <span class='ocrx_word' id='word_1_160' title='bbox 722 922 775 960; x_wconf 80' lang='lat'>19</span> <span class='ocrx_word' id='word_1_161' title='bbox 801 923 897 962; x_wconf 80' lang='lat' dir='ltr'>Rsk.</span> <span class='ocrx_word' id='word_1_162' title='bbox 934 926 1115 967; x_wconf 79' lang='lat' dir='ltr'>testatur,</span> <span class='ocrx_word' id='word_1_163' title='bbox 1152 923 1273 961; x_wconf 83' lang='lat' dir='ltr'>fuisse</span> <span class='ocrx_word' id='word_1_164' title='bbox 1309 923 1362 960; x_wconf 88' lang='lat' dir='ltr'>ihi</span> <span class='ocrx_word' id='word_1_165' title='bbox 1396 925 1630 974; x_wconf 87' lang='lat' dir='ltr'>imperatoris</span> <span class='ocrx_word' id='word_1_166' title='bbox 1666 928 1830 976; x_wconf 85' lang='lat' dir='ltr'>alicujus</span> <span class='ocrx_word' id='word_1_167' title='bbox 1866 930 2028 962; x_wconf 84' lang='lat' dir='ltr'>statuam</span> <span class='ocrx_word' id='word_1_168' title='bbox 2063 935 2234 960; x_wconf 87' lang='lat' dir='ltr'>aeneam.</span> 
     </span>
     <span class='ocr_line' id='line_1_15' title="bbox 159 987 2234 1039; baseline -0.002 -13"><span class='ocrx_word' id='word_1_169' title='bbox 159 989 244 1026; x_wconf 84' lang='lat' dir='ltr'>Jam</span> <span class='ocrx_word' id='word_1_170' title='bbox 272 989 338 1025; x_wconf 75' lang='lat' dir='ltr'>mo</span> <span class='ocrx_word' id='word_1_171' title='bbox 359 989 396 1024; x_wconf 85' lang='lat' dir='ltr'>in</span> <span class='ocrx_word' id='word_1_172' title='bbox 422 987 616 1027; x_wconf 78' lang='lat' dir='ltr'>orchestra</span> <span class='ocrx_word' id='word_1_173' title='bbox 640 990 748 1024; x_wconf 81' lang='lat' dir='ltr'>stans</span> <span class='ocrx_word' id='word_1_174' title='bbox 774 989 934 1036; x_wconf 83' lang='lat' dir='ltr'>poterat,</span> <span class='ocrx_word' id='word_1_175' title='bbox 964 999 1075 1037; x_wconf 71' lang='lat' dir='ltr'>quem</span> <span class='ocrx_word' id='word_1_176' title='bbox 1100 987 1136 1023; x_wconf 89' lang='lat' dir='ltr'>in</span> <span class='ocrx_word' id='word_1_177' title='bbox 1162 990 1371 1036; x_wconf 84' lang='lat' dir='ltr'>conspectu</span> <span class='ocrx_word' id='word_1_178' title='bbox 1393 987 1570 1033; x_wconf 81' lang='lat' dir='ltr'>habebat,</span> <span class='ocrx_word' id='word_1_179' title='bbox 1594 991 1794 1039; x_wconf 84' lang='lat' dir='ltr'>imaginem</span> <span class='ocrx_word' id='word_1_180' title='bbox 1818 990 1936 1038; x_wconf 86' lang='lat' dir='ltr'>digito</span> <span class='ocrx_word' id='word_1_181' title='bbox 1960 988 2234 1028; x_wconf 87' lang='lat' dir='ltr'>demonstrare,</span> 
     </span>
     <span class='ocr_line' id='line_1_16' title="bbox 160 1048 2235 1103; baseline -0.002 -15"><span class='ocrx_word' id='word_1_182' title='bbox 160 1063 258 1103; x_wconf 82' lang='lat' dir='ltr'>quae</span> <span class='ocrx_word' id='word_1_183' title='bbox 294 1052 330 1087; x_wconf 87' lang='lat' dir='ltr'>in</span> <span class='ocrx_word' id='word_1_184' title='bbox 365 1062 484 1087; x_wconf 87' lang='lat' dir='ltr'>scena</span> <span class='ocrx_word' id='word_1_185' title='bbox 519 1062 567 1087; x_wconf 87' lang='lat' dir='ltr'>ne</span> <span class='ocrx_word' id='word_1_186' title='bbox 601 1048 909 1100; x_wconf 82' lang='lat' dir='ltr'>conspiciebatur</span> <span class='ocrx_word' id='word_1_187' title='bbox 942 1049 1107 1100; x_wconf 78' lang='lat' dir='ltr'>quidem.</span> <span class='ocrx_word' id='word_1_188' title='bbox 1173 1048 1379 1087; x_wconf 85' lang='lat' dir='ltr'>Orchestra</span> <span class='ocrx_word' id='word_1_189' title='bbox 1415 1051 1526 1100; x_wconf 90' lang='lat' dir='ltr'>igitur</span> <span class='ocrx_word' id='word_1_190' title='bbox 1560 1054 1644 1090; x_wconf 89' lang='lat' dir='ltr'>viae</span> <span class='ocrx_word' id='word_1_191' title='bbox 1678 1052 1878 1103; x_wconf 88' lang='lat' dir='ltr'>cujusdam</span> <span class='ocrx_word' id='word_1_192' title='bbox 1912 1049 2088 1101; x_wconf 80' lang='lat' dir='ltr'>publicae</span> <span class='ocrx_word' id='word_1_193' title='bbox 2122 1048 2235 1084; x_wconf 81' lang='lat' dir='ltr'>refert</span> 
     </span>
     <span class='ocr_line' id='line_1_17' title="bbox 160 1106 2233 1168; baseline -0.002 -16"><span class='ocrx_word' id='word_1_194' title='bbox 160 1114 374 1163; x_wconf 81' lang='lat' dir='ltr'>imaginem,</span> <span class='ocrx_word' id='word_1_195' title='bbox 404 1126 501 1165; x_wconf 86' lang='lat' dir='ltr'>quae</span> <span class='ocrx_word' id='word_1_196' title='bbox 530 1113 660 1151; x_wconf 84' lang='lat' dir='ltr'>dextra</span> <span class='ocrx_word' id='word_1_197' title='bbox 689 1117 796 1163; x_wconf 85' lang='lat' dir='ltr'>parte</span> <span class='ocrx_word' id='word_1_198' title='bbox 823 1106 862 1150; x_wconf 78' lang='lat' dir='ltr'>in</span> <span class='ocrx_word' id='word_1_199' title='bbox 888 1111 1100 1151; x_wconf 85' lang='lat' dir='ltr'>Coloneum</span> <span class='ocrx_word' id='word_1_200' title='bbox 1128 1111 1232 1151; x_wconf 87' lang='lat' dir='ltr'>ducit</span> <span class='ocrx_word' id='word_1_201' title='bbox 1256 1124 1409 1163; x_wconf 81' lang='lat' dir='ltr'>pagum,</span> <span class='ocrx_word' id='word_1_202' title='bbox 1438 1116 1591 1154; x_wconf 82' lang='lat' dir='ltr'>sinistra</span> <span class='ocrx_word' id='word_1_203' title='bbox 1619 1130 1693 1168; x_wconf 86' lang='lat' dir='ltr'>quo</span> <span class='ocrx_word' id='word_1_204' title='bbox 1721 1119 1862 1165; x_wconf 83' lang='lat' dir='ltr'>vergat,</span> <span class='ocrx_word' id='word_1_205' title='bbox 1890 1118 1981 1165; x_wconf 87' lang='lat' dir='ltr'>post</span> <span class='ocrx_word' id='word_1_206' title='bbox 2007 1112 2233 1151; x_wconf 87' lang='lat' dir='ltr'>videbimus.</span> 
     </span>
     <span class='ocr_line' id='line_1_18' title="bbox 158 1173 2231 1229; baseline -0.003 -11"><span class='ocrx_word' id='word_1_207' title='bbox 158 1178 307 1218; x_wconf 75' lang='lat' dir='ltr'>Similia</span> <span class='ocrx_word' id='word_1_208' title='bbox 335 1177 421 1214; x_wconf 78' lang='lat' dir='ltr'>vide</span> <span class='ocrx_word' id='word_1_209' title='bbox 451 1177 575 1227; x_wconf 83' lang='lat' dir='ltr'>Gepp.</span> <span class='ocrx_word' id='word_1_210' title='bbox 604 1177 711 1225; x_wconf 75' lang='lat' dir='ltr'>altgr.</span> <span class='ocrx_word' id='word_1_211' title='bbox 740 1177 788 1213; x_wconf 90' lang='grc' dir='ltr'>Β.</span> <span class='ocrx_word' id='word_1_212' title='bbox 815 1190 854 1226; x_wconf 88' lang='lat' dir='ltr'>p.</span> <span class='ocrx_word' id='word_1_213' title='bbox 881 1173 947 1213; x_wconf 84' lang='lat'>33.</span> <span class='ocrx_word' id='word_1_214' title='bbox 1002 1175 1088 1214; x_wconf 83' lang='lat' dir='ltr'>Jam</span> <span class='ocrx_word' id='word_1_215' title='bbox 1113 1176 1217 1215; x_wconf 85' lang='lat' dir='ltr'>aliud</span> <span class='ocrx_word' id='word_1_216' title='bbox 1245 1175 1357 1216; x_wconf 81' lang='lat' dir='ltr'>nobis</span> <span class='ocrx_word' id='word_1_217' title='bbox 1390 1182 1451 1215; x_wconf 83' lang='lat' dir='ltr'>est</span> <span class='ocrx_word' id='word_1_218' title='bbox 1479 1180 1755 1229; x_wconf 82' lang='lat' dir='ltr'>quaerendum,</span> <span class='ocrx_word' id='word_1_219' title='bbox 1783 1179 2068 1228; x_wconf 80' lang='lat' dir='ltr'>Neptuniae</span> <span class='ocrx_word' id='word_1_220' title='bbox 2096 1176 2231 1213; x_wconf 90' lang='lat' dir='ltr'>delu-</span> 
     </span>
     <span class='ocr_line' id='line_1_19' title="bbox 158 1238 2232 1292; baseline -0.001 -14"><span class='ocrx_word' id='word_1_221' title='bbox 158 1240 285 1278; x_wconf 88' lang='lat' dir='ltr'>brum</span> <span class='ocrx_word' id='word_1_222' title='bbox 314 1241 350 1278; x_wconf 92' lang='lat' dir='ltr'>in</span> <span class='ocrx_word' id='word_1_223' title='bbox 378 1243 589 1289; x_wconf 86' lang='lat' dir='ltr'>conspectu</span> <span class='ocrx_word' id='word_1_224' title='bbox 617 1239 742 1277; x_wconf 80' lang='lat' dir='ltr'>fuerit.</span> <span class='ocrx_word' id='word_1_225' title='bbox 796 1239 946 1288; x_wconf 79' lang='lat' dir='ltr'>Negare</span> <span class='ocrx_word' id='word_1_226' title='bbox 974 1242 1036 1276; x_wconf 88' lang='lat' dir='ltr'>est</span> <span class='ocrx_word' id='word_1_227' title='bbox 1063 1238 1099 1276; x_wconf 87' lang='lat' dir='ltr'>in</span> <span class='ocrx_word' id='word_1_228' title='bbox 1130 1240 1307 1288; x_wconf 85' lang='lat' dir='ltr'>proclivi:</span> <span class='ocrx_word' id='word_1_229' title='bbox 1344 1254 1466 1292; x_wconf 90' lang='lat' dir='ltr'>neque</span> <span class='ocrx_word' id='word_1_230' title='bbox 1495 1243 1594 1279; x_wconf 91' lang='lat' dir='ltr'>enim</span> <span class='ocrx_word' id='word_1_231' title='bbox 1623 1244 1743 1280; x_wconf 86' lang='lat' dir='ltr'>viator</span> <span class='ocrx_word' id='word_1_232' title='bbox 1777 1243 2033 1286; x_wconf 86' lang='lat' dir='ltr'>demonstrat,</span> <span class='ocrx_word' id='word_1_233' title='bbox 2062 1245 2100 1278; x_wconf 89' lang='lat' dir='ltr'>et</span> <span class='ocrx_word' id='word_1_234' title='bbox 2129 1240 2232 1277; x_wconf 87' lang='lat' dir='ltr'>Anti-</span> 
     </span>
     <span class='ocr_line' id='line_1_20' title="bbox 159 1301 2231 1354; baseline -0 -12"><span class='ocrx_word' id='word_1_235' title='bbox 159 1316 281 1353; x_wconf 85' lang='lat' dir='ltr'>gonae</span> <span class='ocrx_word' id='word_1_236' title='bbox 318 1304 413 1353; x_wconf 81' lang='lat' dir='ltr'>fugit</span> <span class='ocrx_word' id='word_1_237' title='bbox 448 1303 588 1347; x_wconf 88' lang='lat' dir='ltr'>aciem,</span> <span class='ocrx_word' id='word_1_238' title='bbox 633 1306 672 1340; x_wconf 90' lang='lat' dir='ltr'>et</span> <span class='ocrx_word' id='word_1_239' title='bbox 709 1301 889 1341; x_wconf 88' lang='lat' dir='ltr'>Theseus</span> <span class='ocrx_word' id='word_1_240' title='bbox 924 1304 1127 1353; x_wconf 81' lang='lat' dir='ltr'>postquam</span> <span class='ocrx_word' id='word_1_241' title='bbox 1163 1315 1354 1342; x_wconf 81' lang='lat' dir='ltr'>sacrorum</span> <span class='ocrx_word' id='word_1_242' title='bbox 1392 1318 1505 1343; x_wconf 88' lang='lat' dir='ltr'>causa</span> <span class='ocrx_word' id='word_1_243' title='bbox 1544 1319 1590 1343; x_wconf 90' lang='lat' dir='ltr'>eo</span> <span class='ocrx_word' id='word_1_244' title='bbox 1627 1319 1671 1344; x_wconf 84' lang='lat' dir='ltr'>se</span> <span class='ocrx_word' id='word_1_245' title='bbox 1708 1306 1887 1351; x_wconf 89' lang='lat' dir='ltr'>contulit,</span> <span class='ocrx_word' id='word_1_246' title='bbox 1924 1305 2053 1354; x_wconf 89' lang='lat' dir='ltr'>procul</span> <span class='ocrx_word' id='word_1_247' title='bbox 2090 1302 2231 1341; x_wconf 85' lang='lat' dir='ltr'>abesse</span> 
     </span>
     <span class='ocr_line' id='line_1_21' title="bbox 158 1366 2286 1419; baseline -0 -15"><span class='ocrx_word' id='word_1_248' title='bbox 158 1368 374 1404; x_wconf 86' lang='lat' dir='ltr'>censendus</span> <span class='ocrx_word' id='word_1_249' title='bbox 395 1370 467 1409; x_wconf 80' lang='lat' dir='ltr'>est,</span> <span class='ocrx_word' id='word_1_250' title='bbox 493 1366 586 1402; x_wconf 91' lang='lat' dir='ltr'>nihil</span> <span class='ocrx_word' id='word_1_251' title='bbox 611 1367 710 1402; x_wconf 91' lang='lat' dir='ltr'>enim</span> <span class='ocrx_word' id='word_1_252' title='bbox 735 1378 861 1402; x_wconf 91' lang='lat' dir='ltr'>eorum</span> <span class='ocrx_word' id='word_1_253' title='bbox 885 1366 997 1409; x_wconf 86' lang='lat' dir='ltr'>videt,</span> <span class='ocrx_word' id='word_1_254' title='bbox 1027 1376 1124 1414; x_wconf 85' lang='lat' dir='ltr'>quae</span> <span class='ocrx_word' id='word_1_255' title='bbox 1144 1366 1181 1403; x_wconf 89' lang='lat' dir='ltr'>in</span> <span class='ocrx_word' id='word_1_256' title='bbox 1207 1378 1323 1404; x_wconf 84' lang='lat' dir='ltr'>scena</span> <span class='ocrx_word' id='word_1_257' title='bbox 1346 1372 1532 1415; x_wconf 79' lang='lat' dir='ltr'>geruntur,</span> <span class='ocrx_word' id='word_1_258' title='bbox 1563 1370 1717 1406; x_wconf 83' lang='lat' dir='ltr'>exaudit</span> <span class='ocrx_word' id='word_1_259' title='bbox 1738 1374 1861 1406; x_wconf 86' lang='lat' dir='ltr'>tamen</span> <span class='ocrx_word' id='word_1_260' title='bbox 1887 1369 1992 1405; x_wconf 89' lang='lat' dir='ltr'>chori</span> <span class='ocrx_word' id='word_1_261' title='bbox 2014 1369 2228 1410; x_wconf 87' lang='lat' dir='ltr'>clamorem,</span> <span class='ocrx_word' id='word_1_262' title='bbox 2277 1380 2286 1419; x_wconf 32' lang='grc' dir='ltr'>ς,</span> 
     </span>
     <span class='ocr_line' id='line_1_22' title="bbox 157 1427 2228 1481; baseline -0 -14"><span class='ocrx_word' id='word_1_263' title='bbox 157 1434 196 1467; x_wconf 90' lang='lat' dir='ltr'>et</span> <span class='ocrx_word' id='word_1_264' title='bbox 216 1430 426 1479; x_wconf 86' lang='lat' dir='ltr'>Polynices</span> <span class='ocrx_word' id='word_1_265' title='bbox 450 1429 669 1479; x_wconf 83' lang='lat' dir='ltr'>priusquam</span> <span class='ocrx_word' id='word_1_266' title='bbox 692 1427 779 1465; x_wconf 89' lang='lat' dir='ltr'>inde</span> <span class='ocrx_word' id='word_1_267' title='bbox 804 1431 1030 1472; x_wconf 84' lang='lat' dir='ltr'>arcessatur,</span> <span class='ocrx_word' id='word_1_268' title='bbox 1056 1428 1288 1479; x_wconf 86' lang='lat' dir='ltr'>aliquantum</span> <span class='ocrx_word' id='word_1_269' title='bbox 1311 1431 1494 1479; x_wconf 87' lang='lat' dir='ltr'>temporis</span> <span class='ocrx_word' id='word_1_270' title='bbox 1517 1433 1706 1481; x_wconf 84' lang='lat' dir='ltr'>praeterit.</span> <span class='ocrx_word' id='word_1_271' title='bbox 1750 1432 1992 1469; x_wconf 90' lang='lat' dir='ltr'>Censendum</span> <span class='ocrx_word' id='word_1_272' title='bbox 2015 1434 2078 1469; x_wconf 86' lang='lat' dir='ltr'>est</span> <span class='ocrx_word' id='word_1_273' title='bbox 2100 1431 2228 1481; x_wconf 87' lang='lat' dir='ltr'>itaque</span> 
     </span>
     <span class='ocr_line' id='line_1_23' title="bbox 157 1490 2228 1546; baseline -0 -16"><span class='ocrx_word' id='word_1_274' title='bbox 157 1491 251 1530; x_wconf 91' lang='lat' dir='ltr'>illud</span> <span class='ocrx_word' id='word_1_275' title='bbox 273 1490 467 1530; x_wconf 85' lang='lat' dir='ltr'>delubrum</span> <span class='ocrx_word' id='word_1_276' title='bbox 489 1494 593 1528; x_wconf 78' lang='lat' dir='ltr'>extra</span> <span class='ocrx_word' id='word_1_277' title='bbox 607 1502 762 1528; x_wconf 81' lang='lat' dir='ltr'>scenam</span> <span class='ocrx_word' id='word_1_278' title='bbox 785 1501 875 1528; x_wconf 80' lang='lat' dir='ltr'>esse</span> <span class='ocrx_word' id='word_1_279' title='bbox 889 1491 1004 1528; x_wconf 87' lang='lat' dir='ltr'>sitnm</span> <span class='ocrx_word' id='word_1_280' title='bbox 1027 1491 1063 1528; x_wconf 91' lang='lat' dir='ltr'>in</span> <span class='ocrx_word' id='word_1_281' title='bbox 1087 1490 1214 1542; x_wconf 85' lang='lat' dir='ltr'>aliquo</span> <span class='ocrx_word' id='word_1_282' title='bbox 1229 1492 1369 1529; x_wconf 86' lang='lat' dir='ltr'>montis</span> <span class='ocrx_word' id='word_1_283' title='bbox 1390 1505 1559 1538; x_wconf 86' lang='lat' dir='ltr'>recessu,</span> <span class='ocrx_word' id='word_1_284' title='bbox 1582 1507 1692 1545; x_wconf 90' lang='lat' dir='ltr'>quem</span> <span class='ocrx_word' id='word_1_285' title='bbox 1708 1508 1730 1532; x_wconf 92' lang='lat' dir='ltr'>a</span> <span class='ocrx_word' id='word_1_286' title='bbox 1745 1499 1851 1546; x_wconf 89' lang='lat' dir='ltr'>parte</span> <span class='ocrx_word' id='word_1_287' title='bbox 1874 1495 2003 1533; x_wconf 86' lang='lat' dir='ltr'>dextra</span> <span class='ocrx_word' id='word_1_288' title='bbox 2027 1497 2159 1545; x_wconf 90' lang='lat' dir='ltr'>portae</span> <span class='ocrx_word' id='word_1_289' title='bbox 2173 1506 2228 1530; x_wconf 84' lang='lat' dir='ltr'>re·</span> 
     </span>
     <span class='ocr_line' id='line_1_24' title="bbox 157 1553 2275 1609; baseline 0 -15"><span class='ocrx_word' id='word_1_290' title='bbox 157 1558 242 1605; x_wconf 87' lang='lat' dir='ltr'>giae</span> <span class='ocrx_word' id='word_1_291' title='bbox 257 1556 380 1593; x_wconf 77' lang='lat' dir='ltr'>fuisse</span> <span class='ocrx_word' id='word_1_292' title='bbox 400 1556 614 1593; x_wconf 80' lang='lat' dir='ltr'>statuimus.</span> <span class='ocrx_word' id='word_1_293' title='bbox 655 1555 791 1605; x_wconf 81' lang='lat' dir='ltr'>Neque</span> <span class='ocrx_word' id='word_1_294' title='bbox 805 1554 929 1602; x_wconf 74' lang='lat' dir='ltr'>magis</span> <span class='ocrx_word' id='word_1_295' title='bbox 951 1553 1233 1591; x_wconf 88' lang='lat' dir='ltr'>Promethei</span> <span class='ocrx_word' id='word_1_296' title='bbox 1255 1560 1417 1593; x_wconf 88' lang='lat' dir='ltr'>statuam</span> <span class='ocrx_word' id='word_1_297' title='bbox 1433 1561 1497 1593; x_wconf 83' lang='lat' dir='ltr'>aut</span> <span class='ocrx_word' id='word_1_298' title='bbox 1518 1557 1643 1594; x_wconf 88' lang='lat' dir='ltr'>sanum</span> <span class='ocrx_word' id='word_1_299' title='bbox 1660 1572 1800 1596; x_wconf 89' lang='lat' dir='ltr'>censeo</span> <span class='ocrx_word' id='word_1_300' title='bbox 1817 1561 1852 1595; x_wconf 92' lang='lat' dir='ltr'>in</span> <span class='ocrx_word' id='word_1_301' title='bbox 1869 1563 2075 1609; x_wconf 83' lang='lat' dir='ltr'>conspectu</span> <span class='ocrx_word' id='word_1_302' title='bbox 2093 1559 2227 1595; x_wconf 86' lang='lat' dir='ltr'>fuisse.</span> <span class='ocrx_word' id='word_1_303' title='bbox 2272 1576 2275 1580; x_wconf 93' lang='lat'>·</span> 
     </span>
    </p>

    <p class='ocr_par' dir='ltr' id='par_1_4' title="bbox 144 1615 2288 2492">
     <span class='ocr_line' id='line_1_25' title="bbox 362 1615 2281 1672; baseline 0.001 -16"><span class='ocrx_word' id='word_1_304' title='bbox 362 1618 449 1657; x_wconf 80' lang='lat' dir='ltr'>Jam</span> <span class='ocrx_word' id='word_1_305' title='bbox 477 1617 713 1656; x_wconf 84' lang='lat' dir='ltr'>aheneum</span> <span class='ocrx_word' id='word_1_306' title='bbox 742 1617 883 1654; x_wconf 88' lang='lat' dir='ltr'>limen</span> <span class='ocrx_word' id='word_1_307' title='bbox 913 1616 1104 1668; x_wconf 80' lang='lat' dir='ltr'>quomodo</span> <span class='ocrx_word' id='word_1_308' title='bbox 1133 1621 1389 1668; x_wconf 88' lang='lat' dir='ltr'>comparatum</span> <span class='ocrx_word' id='word_1_309' title='bbox 1418 1619 1540 1664; x_wconf 79' lang='lat' dir='ltr'>suerit,</span> <span class='ocrx_word' id='word_1_310' title='bbox 1569 1621 1927 1672; x_wconf 84' lang='lat' dir='ltr'>circumspiciamus.</span> <span class='ocrx_word' id='word_1_311' title='bbox 1983 1615 2126 1667; x_wconf 81' lang='grc' dir='ltr'><strong><em>Ὀδός,</em></strong></span> <span class='ocrx_word' id='word_1_312' title='bbox 2155 1632 2229 1671; x_wconf 92' lang='lat' dir='ltr'>qua</span> <span class='ocrx_word' id='word_1_313' title='bbox 2280 1645 2281 1648; x_wconf 57' lang='lat'><em>=</em></span> 
     </span>
     <span class='ocr_line' id='line_1_26' title="bbox 156 1678 2288 1735; baseline 0.002 -16"><span class='ocrx_word' id='word_1_314' title='bbox 156 1683 274 1720; x_wconf 85' lang='lat' dir='ltr'>forma</span> <span class='ocrx_word' id='word_1_315' title='bbox 295 1681 515 1732; x_wconf 77' lang='lat' dir='ltr'>Sophocles</span> <span class='ocrx_word' id='word_1_316' title='bbox 535 1683 661 1725; x_wconf 88' lang='lat' dir='ltr'>utitur,</span> <span class='ocrx_word' id='word_1_317' title='bbox 689 1680 789 1718; x_wconf 92' lang='lat' dir='ltr'>idem</span> <span class='ocrx_word' id='word_1_318' title='bbox 812 1684 885 1725; x_wconf 83' lang='lat' dir='ltr'>est,</span> <span class='ocrx_word' id='word_1_319' title='bbox 913 1680 1016 1732; x_wconf 80' lang='lat' dir='ltr'>quod</span> <span class='ocrx_word' id='word_1_320' title='bbox 1037 1679 1278 1719; x_wconf 82' lang='lat' dir='ltr'>Homericum</span> <span class='ocrx_word' id='word_1_321' title='bbox 1306 1678 1459 1728; x_wconf 80' lang='grc' dir='ltr'><strong><em>οὐδός,</em></strong></span> <span class='ocrx_word' id='word_1_322' title='bbox 1489 1685 1590 1734; x_wconf 91' lang='lat' dir='ltr'>quod</span> <span class='ocrx_word' id='word_1_323' title='bbox 1612 1686 1710 1735; x_wconf 87' lang='lat' dir='ltr'>apud</span> <span class='ocrx_word' id='word_1_324' title='bbox 1737 1686 1837 1723; x_wconf 90' lang='lat' dir='ltr'>hunc</span> <span class='ocrx_word' id='word_1_325' title='bbox 1857 1687 1991 1723; x_wconf 90' lang='lat' dir='ltr'>dicitur</span> <span class='ocrx_word' id='word_1_326' title='bbox 2014 1680 2228 1735; x_wconf 80' lang='grc' dir='ltr'><strong><em>χάλκεον,</em></strong></span> <span class='ocrx_word' id='word_1_327' title='bbox 2282 1704 2288 1723; x_wconf 73' lang='grc' dir='ltr'><strong><em>τ</em></strong></span> 
     </span>
     <span class='ocr_line' id='line_1_27' title="bbox 154 1739 2283 1802; baseline 0 -18"><span class='ocrx_word' id='word_1_328' title='bbox 154 1741 331 1792; x_wconf 80' lang='grc' dir='ltr'><strong><em>λάϊνον,</em></strong></span> <span class='ocrx_word' id='word_1_329' title='bbox 359 1741 536 1792; x_wconf 75' lang='grc' dir='ltr'><strong><em>ξεστόν,</em></strong></span> <span class='ocrx_word' id='word_1_330' title='bbox 563 1740 766 1794; x_wconf 80' lang='grc' dir='ltr'><em>δρύϊνον,</em></span> <span class='ocrx_word' id='word_1_331' title='bbox 793 1739 992 1793; x_wconf 79' lang='grc' dir='ltr'><em>μελινόν.</em></span> <span class='ocrx_word' id='word_1_332' title='bbox 1048 1745 1221 1782; x_wconf 76' lang='lat' dir='ltr'>Aeaeum</span> <span class='ocrx_word' id='word_1_333' title='bbox 1256 1748 1317 1782; x_wconf 84' lang='lat' dir='ltr'>est</span> <span class='ocrx_word' id='word_1_334' title='bbox 1345 1758 1419 1783; x_wconf 89' lang='lat' dir='ltr'>non</span> <span class='ocrx_word' id='word_1_335' title='bbox 1449 1747 1572 1785; x_wconf 88' lang='lat' dir='ltr'>solum</span> <span class='ocrx_word' id='word_1_336' title='bbox 1603 1748 1748 1787; x_wconf 88' lang='lat' dir='ltr'>Tartari</span> <span class='ocrx_word' id='word_1_337' title='bbox 1777 1750 1910 1795; x_wconf 91' lang='lat' dir='ltr'>limen,</span> <span class='ocrx_word' id='word_1_338' title='bbox 1945 1749 2054 1787; x_wconf 88' lang='lat' dir='ltr'>lliad.</span> <span class='ocrx_word' id='word_1_339' title='bbox 2087 1749 2135 1794; x_wconf 90' lang='grc' dir='ltr'>Θ,</span> <span class='ocrx_word' id='word_1_340' title='bbox 2166 1746 2226 1791; x_wconf 76' lang='grc'>15,</span> <span class='ocrx_word' id='word_1_341' title='bbox 2266 1741 2283 1802; x_wconf 59' lang='lat' dir='ltr'>j</span> 
     </span>
     <span class='ocr_line' id='line_1_28' title="bbox 154 1804 2273 1864; baseline 0.001 -17"><span class='ocrx_word' id='word_1_342' title='bbox 154 1810 226 1848; x_wconf 90' lang='lat' dir='ltr'>sed</span> <span class='ocrx_word' id='word_1_343' title='bbox 260 1811 374 1848; x_wconf 82' lang='lat' dir='ltr'>etiam</span> <span class='ocrx_word' id='word_1_344' title='bbox 408 1810 581 1854; x_wconf 86' lang='lat' dir='ltr'>Alcinoi,</span> <span class='ocrx_word' id='word_1_345' title='bbox 610 1808 693 1854; x_wconf 87' lang='lat' dir='ltr'>od,</span> <span class='ocrx_word' id='word_1_346' title='bbox 722 1809 779 1855; x_wconf 93' lang='lat' dir='ltr'>H,</span> <span class='ocrx_word' id='word_1_347' title='bbox 807 1805 874 1853; x_wconf 83' lang='lat'>83,</span> <span class='ocrx_word' id='word_1_348' title='bbox 902 1804 966 1853; x_wconf 88' lang='lat'>89,</span> <span class='ocrx_word' id='word_1_349' title='bbox 994 1812 1033 1846; x_wconf 87' lang='lat' dir='ltr'>et</span> <span class='ocrx_word' id='word_1_350' title='bbox 1061 1807 1274 1847; x_wconf 84' lang='lat' dir='ltr'>Pausanias</span> <span class='ocrx_word' id='word_1_351' title='bbox 1303 1809 1380 1855; x_wconf 91' lang='lat' dir='ltr'>IX,</span> <span class='ocrx_word' id='word_1_352' title='bbox 1409 1807 1472 1856; x_wconf 89' lang='lat'>19,</span> <span class='ocrx_word' id='word_1_353' title='bbox 1501 1810 1539 1856; x_wconf 83' lang='lat'>5,</span> <span class='ocrx_word' id='word_1_354' title='bbox 1571 1815 1723 1852; x_wconf 87' lang='lat' dir='ltr'>tentorii</span> <span class='ocrx_word' id='word_1_355' title='bbox 1748 1814 2039 1864; x_wconf 87' lang='lat' dir='ltr'>Agamemnonii</span> <span class='ocrx_word' id='word_1_356' title='bbox 2068 1825 2225 1850; x_wconf 85' lang='lat' dir='ltr'>comme·</span> <span class='ocrx_word' id='word_1_357' title='bbox 2260 1812 2273 1856; x_wconf 69' lang='grc' dir='ltr'><em>ξ</em></span> 
     </span>
     <span class='ocr_line' id='line_1_29' title="bbox 152 1872 2225 1930; baseline 0.001 -21"><span class='ocrx_word' id='word_1_358' title='bbox 152 1877 273 1911; x_wconf 86' lang='lat' dir='ltr'>morat</span> <span class='ocrx_word' id='word_1_359' title='bbox 308 1874 421 1911; x_wconf 89' lang='lat' dir='ltr'>limen</span> <span class='ocrx_word' id='word_1_360' title='bbox 451 1884 610 1910; x_wconf 88' lang='lat' dir='ltr'>aeneum</span> <span class='ocrx_word' id='word_1_361' title='bbox 645 1872 694 1910; x_wconf 92' lang='lat' dir='ltr'>ad</span> <span class='ocrx_word' id='word_1_362' title='bbox 728 1884 799 1909; x_wconf 87' lang='lat' dir='ltr'>sua</span> <span class='ocrx_word' id='word_1_363' title='bbox 834 1875 1004 1922; x_wconf 82' lang='lat' dir='ltr'>tempora</span> <span class='ocrx_word' id='word_1_364' title='bbox 1042 1873 1078 1911; x_wconf 83' lang='lat' dir='ltr'>in</span> <span class='ocrx_word' id='word_1_365' title='bbox 1105 1872 1243 1910; x_wconf 87' lang='lat' dir='ltr'>Aulide</span> <span class='ocrx_word' id='word_1_366' title='bbox 1277 1877 1480 1912; x_wconf 87' lang='lat' dir='ltr'>servatum.</span> <span class='ocrx_word' id='word_1_367' title='bbox 1536 1875 1577 1913; x_wconf 90' lang='lat' dir='ltr'>In</span> <span class='ocrx_word' id='word_1_368' title='bbox 1608 1876 1790 1926; x_wconf 81' lang='lat' dir='ltr'>Odyssea</span> <span class='ocrx_word' id='word_1_369' title='bbox 1826 1890 1939 1928; x_wconf 91' lang='lat' dir='ltr'>quum</span> <span class='ocrx_word' id='word_1_370' title='bbox 1975 1878 2225 1930; x_wconf 83' lang='lat' dir='ltr'>adjungantur</span> 
     </span>
     <span class='ocr_line' id='line_1_30' title="bbox 152 1931 2221 1986; baseline 0.001 -13"><span class='ocrx_word' id='word_1_371' title='bbox 152 1935 346 1985; x_wconf 68' lang='grc' dir='ltr'>σταθμοὶ</span> <span class='ocrx_word' id='word_1_372' title='bbox 374 1931 614 1986; x_wconf 75' lang='grc' dir='ltr'><em>ἀργύρεοι,</em></span> <span class='ocrx_word' id='word_1_373' title='bbox 653 1934 813 1972; x_wconf 81' lang='lat' dir='ltr'>dubitari</span> <span class='ocrx_word' id='word_1_374' title='bbox 843 1948 917 1973; x_wconf 89' lang='lat' dir='ltr'>non</span> <span class='ocrx_word' id='word_1_375' title='bbox 945 1938 1094 1984; x_wconf 77' lang='lat' dir='ltr'>potest,</span> <span class='ocrx_word' id='word_1_376' title='bbox 1133 1936 1220 1985; x_wconf 82' lang='lat' dir='ltr'>quin</span> <span class='ocrx_word' id='word_1_377' title='bbox 1250 1934 1302 1973; x_wconf 86' lang='lat' dir='ltr'>ibi</span> <span class='ocrx_word' id='word_1_378' title='bbox 1331 1938 1571 1986; x_wconf 86' lang='lat' dir='ltr'>cogitandum</span> <span class='ocrx_word' id='word_1_379' title='bbox 1610 1942 1661 1977; x_wconf 87' lang='lat' dir='ltr'>sit</span> <span class='ocrx_word' id='word_1_380' title='bbox 1689 1941 1737 1978; x_wconf 87' lang='lat' dir='ltr'>de</span> <span class='ocrx_word' id='word_1_381' title='bbox 1767 1942 1893 1978; x_wconf 90' lang='lat' dir='ltr'>limine</span> <span class='ocrx_word' id='word_1_382' title='bbox 1927 1954 1973 1978; x_wconf 85' lang='lat' dir='ltr'>ex</span> <span class='ocrx_word' id='word_1_383' title='bbox 2000 1953 2086 1978; x_wconf 89' lang='lat' dir='ltr'>aere</span> <span class='ocrx_word' id='word_1_384' title='bbox 2123 1939 2221 1981; x_wconf 80' lang='lat' dir='ltr'>suso,</span> 
     </span>
     <span class='ocr_line' id='line_1_31' title="bbox 151 1996 2221 2055; baseline 0 -19"><span class='ocrx_word' id='word_1_385' title='bbox 151 1999 253 2051; x_wconf 82' lang='lat' dir='ltr'>quod</span> <span class='ocrx_word' id='word_1_386' title='bbox 281 2012 396 2037; x_wconf 86' lang='lat' dir='ltr'>secus</span> <span class='ocrx_word' id='word_1_387' title='bbox 424 2003 486 2037; x_wconf 82' lang='lat' dir='ltr'>est</span> <span class='ocrx_word' id='word_1_388' title='bbox 512 1999 586 2036; x_wconf 87' lang='lat' dir='ltr'>hoc</span> <span class='ocrx_word' id='word_1_389' title='bbox 613 1999 710 2043; x_wconf 87' lang='lat' dir='ltr'>loeo,</span> <span class='ocrx_word' id='word_1_390' title='bbox 739 1997 804 2035; x_wconf 80' lang='lat' dir='ltr'>uhi</span> <span class='ocrx_word' id='word_1_391' title='bbox 833 2010 907 2034; x_wconf 91' lang='lat' dir='ltr'>non</span> <span class='ocrx_word' id='word_1_392' title='bbox 937 1996 1092 2038; x_wconf 81' lang='lat' dir='ltr'>dubium</span> <span class='ocrx_word' id='word_1_393' title='bbox 1121 2002 1200 2043; x_wconf 85' lang='lat' dir='ltr'>est,</span> <span class='ocrx_word' id='word_1_394' title='bbox 1239 1999 1327 2050; x_wconf 82' lang='lat' dir='ltr'>quin</span> <span class='ocrx_word' id='word_1_395' title='bbox 1357 2000 1497 2039; x_wconf 83' lang='lat' dir='ltr'>sactum</span> <span class='ocrx_word' id='word_1_396' title='bbox 1528 2002 1639 2041; x_wconf 83' lang='lat' dir='ltr'>suerit</span> <span class='ocrx_word' id='word_1_397' title='bbox 1674 2017 1696 2042; x_wconf 93' lang='lat' dir='ltr'>e</span> <span class='ocrx_word' id='word_1_398' title='bbox 1725 2005 1851 2055; x_wconf 86' lang='lat' dir='ltr'>lapide</span> <span class='ocrx_word' id='word_1_399' title='bbox 1885 2017 1958 2041; x_wconf 87' lang='lat' dir='ltr'>non</span> <span class='ocrx_word' id='word_1_400' title='bbox 1996 2002 2153 2041; x_wconf 80' lang='lat' dir='ltr'>subacto</span> <span class='ocrx_word' id='word_1_401' title='bbox 2183 2006 2221 2038; x_wconf 88' lang='lat' dir='ltr'>et</span> 
     </span>
     <span class='ocr_line' id='line_1_32' title="bbox 150 2059 2219 2115; baseline 0.001 -16"><span class='ocrx_word' id='word_1_402' title='bbox 150 2063 362 2112; x_wconf 85' lang='lat' dir='ltr'>laevigato3</span> <span class='ocrx_word' id='word_1_403' title='bbox 389 2067 546 2100; x_wconf 87' lang='lat' dir='ltr'>vocatur</span> <span class='ocrx_word' id='word_1_404' title='bbox 571 2063 670 2099; x_wconf 90' lang='lat' dir='ltr'>enim</span> <span class='ocrx_word' id='word_1_405' title='bbox 705 2074 739 2098; x_wconf 86' lang='lat' dir='ltr'>v.</span> <span class='ocrx_word' id='word_1_406' title='bbox 770 2059 822 2098; x_wconf 90' lang='lat'>19</span> <span class='ocrx_word' id='word_1_407' title='bbox 854 2062 932 2099; x_wconf 71' lang='lat' dir='ltr'>’arr‘</span> <span class='ocrx_word' id='word_1_408' title='bbox 959 2060 1156 2103; x_wconf 71' lang='grc' dir='ltr'><strong><em>ἄξέστου</em></strong></span> <span class='ocrx_word' id='word_1_409' title='bbox 1183 2060 1367 2108; x_wconf 80' lang='grc' dir='ltr'><strong>πέτρου,</strong></span> <span class='ocrx_word' id='word_1_410' title='bbox 1402 2077 1437 2101; x_wconf 88' lang='lat' dir='ltr'>v.</span> <span class='ocrx_word' id='word_1_411' title='bbox 1466 2063 1541 2102; x_wconf 86' lang='lat'>101</span> <span class='ocrx_word' id='word_1_412' title='bbox 1576 2062 1761 2115; x_wconf 68' lang='grc' dir='ltr'>βάθρον</span> <span class='ocrx_word' id='word_1_413' title='bbox 1795 2063 1889 2105; x_wconf 81' lang='grc' dir='ltr'>τόδ’</span> <span class='ocrx_word' id='word_1_414' title='bbox 1915 2063 2219 2112; x_wconf 75' lang='grc' dir='ltr'>ἀσκέπαρνον,</span> 
     </span>
     <span class='ocr_line' id='line_1_33' title="bbox 149 2122 2217 2179; baseline 0.001 -16"><span class='ocrx_word' id='word_1_415' title='bbox 149 2123 239 2170; x_wconf 85' lang='grc'><strong><em>186,</em></strong></span> <span class='ocrx_word' id='word_1_416' title='bbox 274 2122 547 2174; x_wconf 76' lang='grc' dir='ltr'>ἆντίπετρον</span> <span class='ocrx_word' id='word_1_417' title='bbox 574 2125 706 2174; x_wconf 81' lang='grc' dir='ltr'>βῆμα</span> <span class='ocrx_word' id='word_1_418' title='bbox 738 2124 763 2161; x_wconf 89' lang='lat' dir='ltr'>i.</span> <span class='ocrx_word' id='word_1_419' title='bbox 792 2137 827 2162; x_wconf 90' lang='lat' dir='ltr'>e.</span> <span class='ocrx_word' id='word_1_420' title='bbox 864 2124 1004 2173; x_wconf 85' lang='lat' dir='ltr'>gradus</span> <span class='ocrx_word' id='word_1_421' title='bbox 1039 2126 1122 2174; x_wconf 88' lang='lat' dir='ltr'>rupi</span> <span class='ocrx_word' id='word_1_422' title='bbox 1156 2125 1315 2171; x_wconf 86' lang='lat' dir='ltr'>similis,</span> <span class='ocrx_word' id='word_1_423' title='bbox 1353 2139 1468 2177; x_wconf 88' lang='lat' dir='ltr'>asper</span> <span class='ocrx_word' id='word_1_424' title='bbox 1503 2133 1541 2166; x_wconf 88' lang='lat' dir='ltr'>et</span> <span class='ocrx_word' id='word_1_425' title='bbox 1577 2131 1770 2179; x_wconf 90' lang='lat' dir='ltr'>impolitus</span> <span class='ocrx_word' id='word_1_426' title='bbox 1808 2131 1855 2167; x_wconf 84' lang='lat' dir='ltr'>cf.</span> <span class='ocrx_word' id='word_1_427' title='bbox 1890 2130 2026 2178; x_wconf 83' lang='lat' dir='ltr'>Reisig</span> <span class='ocrx_word' id='word_1_428' title='bbox 2062 2142 2096 2167; x_wconf 89' lang='lat' dir='ltr'>a.</span> <span class='ocrx_word' id='word_1_429' title='bbox 2127 2128 2164 2166; x_wconf 89' lang='lat' dir='ltr'>h.</span> <span class='ocrx_word' id='word_1_430' title='bbox 2193 2129 2217 2165; x_wconf 93' lang='lat' dir='ltr'>l.</span> 
     </span>
     <span class='ocr_line' id='line_1_34' title="bbox 148 2188 2217 2244; baseline 0.001 -17"><span class='ocrx_word' id='word_1_431' title='bbox 148 2189 265 2237; x_wconf 82' lang='lat' dir='ltr'>Quod</span> <span class='ocrx_word' id='word_1_432' title='bbox 292 2193 418 2227; x_wconf 85' lang='lat' dir='ltr'>autem</span> <span class='ocrx_word' id='word_1_433' title='bbox 447 2200 605 2228; x_wconf 86' lang='lat' dir='ltr'>aeneum</span> <span class='ocrx_word' id='word_1_434' title='bbox 633 2191 807 2233; x_wconf 81' lang='lat' dir='ltr'>vocatur3</span> <span class='ocrx_word' id='word_1_435' title='bbox 843 2189 977 2225; x_wconf 87' lang='lat' dir='ltr'>aeneis</span> <span class='ocrx_word' id='word_1_436' title='bbox 1005 2188 1166 2225; x_wconf 87' lang='lat' dir='ltr'>vinculis</span> <span class='ocrx_word' id='word_1_437' title='bbox 1200 2200 1282 2225; x_wconf 90' lang='lat' dir='ltr'>cum</span> <span class='ocrx_word' id='word_1_438' title='bbox 1309 2189 1397 2227; x_wconf 88' lang='lat' dir='ltr'>vivo</span> <span class='ocrx_word' id='word_1_439' title='bbox 1426 2191 1500 2228; x_wconf 90' lang='lat' dir='ltr'>soli</span> <span class='ocrx_word' id='word_1_440' title='bbox 1526 2191 1690 2242; x_wconf 83' lang='lat' dir='ltr'>subjecti</span> <span class='ocrx_word' id='word_1_441' title='bbox 1718 2205 1811 2230; x_wconf 84' lang='lat' dir='ltr'>saxo</span> <span class='ocrx_word' id='word_1_442' title='bbox 1848 2196 1928 2230; x_wconf 91' lang='lat' dir='ltr'>erat</span> <span class='ocrx_word' id='word_1_443' title='bbox 1961 2194 2217 2244; x_wconf 86' lang='lat' dir='ltr'>conjunctum.</span> 
     </span>
     <span class='ocr_line' id='line_1_35' title="bbox 148 2247 2216 2306; baseline 0.001 -18"><span class='ocrx_word' id='word_1_444' title='bbox 148 2249 264 2295; x_wconf 77' lang='lat'>1583,</span> <span class='ocrx_word' id='word_1_445' title='bbox 290 2254 481 2301; x_wconf 79' lang='grc' dir='ltr'><strong><em>χαλκοῖς</em></strong></span> <span class='ocrx_word' id='word_1_446' title='bbox 506 2247 726 2300; x_wconf 59' lang='grc' dir='ltr'>βάθροισι</span> <span class='ocrx_word' id='word_1_447' title='bbox 752 2253 898 2301; x_wconf 66' lang='grc' dir='ltr'><em>γῆθεν</em></span> <span class='ocrx_word' id='word_1_448' title='bbox 925 2248 1239 2300; x_wconf 65' lang='grc' dir='ltr'>ἐρριᾶώμενον,</span> <span class='ocrx_word' id='word_1_449' title='bbox 1266 2264 1315 2290; x_wconf 90' lang='lat' dir='ltr'>ue</span> <span class='ocrx_word' id='word_1_450' title='bbox 1338 2254 1416 2291; x_wconf 90' lang='lat' dir='ltr'>ulla</span> <span class='ocrx_word' id='word_1_451' title='bbox 1438 2255 1474 2290; x_wconf 84' lang='lat' dir='ltr'>vi</span> <span class='ocrx_word' id='word_1_452' title='bbox 1496 2259 1561 2292; x_wconf 92' lang='lat' dir='ltr'>aut</span> <span class='ocrx_word' id='word_1_453' title='bbox 1580 2268 1673 2294; x_wconf 86' lang='lat' dir='ltr'>casu</span> <span class='ocrx_word' id='word_1_454' title='bbox 1694 2269 1764 2293; x_wconf 88' lang='lat' dir='ltr'>suo</span> <span class='ocrx_word' id='word_1_455' title='bbox 1794 2256 1878 2293; x_wconf 91' lang='lat' dir='ltr'>loco</span> <span class='ocrx_word' id='word_1_456' title='bbox 1900 2260 2038 2306; x_wconf 86' lang='lat' dir='ltr'>posset</span> <span class='ocrx_word' id='word_1_457' title='bbox 2062 2257 2216 2293; x_wconf 87' lang='lat' dir='ltr'>moveri.</span> 
     </span>
     <span class='ocr_line' id='line_1_36' title="bbox 146 2309 2217 2369; baseline 0.002 -18"><span class='ocrx_word' id='word_1_458' title='bbox 146 2309 353 2362; x_wconf 69' lang='grc' dir='ltr'>(Βάθρον</span> <span class='ocrx_word' id='word_1_459' title='bbox 380 2327 500 2365; x_wconf 88' lang='lat' dir='ltr'>saepe</span> <span class='ocrx_word' id='word_1_460' title='bbox 528 2313 623 2352; x_wconf 84' lang='lat' dir='ltr'>nihil</span> <span class='ocrx_word' id='word_1_461' title='bbox 652 2314 727 2352; x_wconf 82' lang='lat' dir='ltr'>nisi</span> <span class='ocrx_word' id='word_1_462' title='bbox 757 2315 927 2359; x_wconf 77' lang='lat' dir='ltr'>fulcrum,</span> <span class='ocrx_word' id='word_1_463' title='bbox 956 2311 1063 2359; x_wconf 72' lang='grc' dir='ltr'><strong><em>ἕδος,</em></strong></span> <span class='ocrx_word' id='word_1_464' title='bbox 1093 2315 1305 2365; x_wconf 84' lang='lat' dir='ltr'>significare</span> <span class='ocrx_word' id='word_1_465' title='bbox 1340 2316 1415 2353; x_wconf 88' lang='lat' dir='ltr'>vid.</span> <span class='ocrx_word' id='word_1_466' title='bbox 1443 2316 1597 2355; x_wconf 89' lang='lat' dir='ltr'>Ellendt</span> <span class='ocrx_word' id='word_1_467' title='bbox 1632 2318 1705 2356; x_wconf 86' lang='lat' dir='ltr'>lex.</span> <span class='ocrx_word' id='word_1_468' title='bbox 1733 2318 1883 2369; x_wconf 85' lang='lat' dir='ltr'>Soph.)</span> <span class='ocrx_word' id='word_1_469' title='bbox 1937 2320 2023 2358; x_wconf 85' lang='lat' dir='ltr'>Jam</span> <span class='ocrx_word' id='word_1_470' title='bbox 2053 2320 2217 2357; x_wconf 89' lang='lat' dir='ltr'>luculen-</span> 
     </span>
     <span class='ocr_line' id='line_1_37' title="bbox 144 2373 2216 2434; baseline 0.005 -22"><span class='ocrx_word' id='word_1_471' title='bbox 144 2376 221 2412; x_wconf 90' lang='lat' dir='ltr'>tius</span> <span class='ocrx_word' id='word_1_472' title='bbox 249 2381 420 2428; x_wconf 86' lang='lat' dir='ltr'>apparet,</span> <span class='ocrx_word' id='word_1_473' title='bbox 449 2377 540 2428; x_wconf 87' lang='lat' dir='ltr'>quid</span> <span class='ocrx_word' id='word_1_474' title='bbox 567 2391 601 2414; x_wconf 85' lang='lat' dir='ltr'>v.</span> <span class='ocrx_word' id='word_1_475' title='bbox 627 2376 682 2414; x_wconf 77' lang='lat'>57</span> <span class='ocrx_word' id='word_1_476' title='bbox 709 2377 785 2414; x_wconf 87' lang='lat' dir='ltr'>sihi</span> <span class='ocrx_word' id='word_1_477' title='bbox 814 2378 906 2415; x_wconf 78' lang='lat' dir='ltr'>velit</span> <span class='ocrx_word' id='word_1_478' title='bbox 929 2373 1192 2427; x_wconf 73' lang='grc' dir='ltr'><strong><em>χαλκόπους</em></strong></span> <span class='ocrx_word' id='word_1_479' title='bbox 1220 2373 1341 2424; x_wconf 84' lang='grc' dir='ltr'><strong><em>σ’δός,</em></strong></span> <span class='ocrx_word' id='word_1_480' title='bbox 1378 2380 1488 2429; x_wconf 89' lang='lat' dir='ltr'>pedis</span> <span class='ocrx_word' id='word_1_481' title='bbox 1516 2381 1614 2416; x_wconf 89' lang='lat' dir='ltr'>enim</span> <span class='ocrx_word' id='word_1_482' title='bbox 1650 2381 1734 2422; x_wconf 87' lang='lat' dir='ltr'>loco</span> <span class='ocrx_word' id='word_1_483' title='bbox 1765 2386 1856 2420; x_wconf 85' lang='lat' dir='ltr'>sunt</span> <span class='ocrx_word' id='word_1_484' title='bbox 1883 2396 2090 2434; x_wconf 84' lang='lat' dir='ltr'>compages</span> <span class='ocrx_word' id='word_1_485' title='bbox 2128 2385 2216 2421; x_wconf 84' lang='lat' dir='ltr'>illae</span> 
     </span>
     <span class='ocr_line' id='line_1_38' title="bbox 144 2440 1728 2492; baseline 0.004 -16"><span class='ocrx_word' id='word_1_486' title='bbox 144 2451 299 2485; x_wconf 85' lang='lat' dir='ltr'>aeneae,</span> <span class='ocrx_word' id='word_1_487' title='bbox 328 2445 368 2478; x_wconf 90' lang='lat' dir='ltr'>et</span> <span class='ocrx_word' id='word_1_488' title='bbox 393 2441 509 2491; x_wconf 73' lang='lat' dir='ltr'>plane</span> <span class='ocrx_word' id='word_1_489' title='bbox 538 2441 671 2480; x_wconf 82' lang='lat' dir='ltr'>eadem</span> <span class='ocrx_word' id='word_1_490' title='bbox 701 2442 864 2491; x_wconf 78' lang='lat' dir='ltr'>imagine</span> <span class='ocrx_word' id='word_1_491' title='bbox 890 2455 985 2480; x_wconf 89' lang='lat' dir='ltr'>usus</span> <span class='ocrx_word' id='word_1_492' title='bbox 1012 2446 1074 2479; x_wconf 79' lang='lat' dir='ltr'>est</span> <span class='ocrx_word' id='word_1_493' title='bbox 1101 2442 1299 2480; x_wconf 83' lang='lat' dir='ltr'>Hesiodus</span> <span class='ocrx_word' id='word_1_494' title='bbox 1327 2442 1473 2492; x_wconf 87' lang='lat' dir='ltr'>Theog.</span> <span class='ocrx_word' id='word_1_495' title='bbox 1501 2440 1728 2483; x_wconf 84' lang='lat'>811—813.</span> 
     </span>
    </p>

    <p class='ocr_par' dir='ltr' id='par_1_5' title="bbox 583 2498 1755 2620">
     <span class='ocr_line' id='line_1_39' title="bbox 589 2498 1755 2556; baseline 0.004 -13"><span class='ocrx_word' id='word_1_496' title='bbox 589 2498 749 2544; x_wconf 59' lang='grc' dir='ltr'>ἐνθάδε</span> <span class='ocrx_word' id='word_1_497' title='bbox 772 2499 1030 2555; x_wconf 81' lang='grc' dir='ltr'><em>μαρμάρεαί</em></span> <span class='ocrx_word' id='word_1_498' title='bbox 1057 2517 1101 2543; x_wconf 81' lang='grc' dir='ltr'>τε</span> <span class='ocrx_word' id='word_1_499' title='bbox 1129 2500 1268 2545; x_wconf 80' lang='grc' dir='ltr'><em>πύλαι</em></span> <span class='ocrx_word' id='word_1_500' title='bbox 1295 2504 1372 2545; x_wconf 79' lang='grc' dir='ltr'>καὶ</span> <span class='ocrx_word' id='word_1_501' title='bbox 1399 2501 1592 2556; x_wconf 79' lang='grc' dir='ltr'><strong><em>χάλκεος</em></strong></span> <span class='ocrx_word' id='word_1_502' title='bbox 1619 2503 1755 2552; x_wconf 83' lang='grc' dir='ltr'><strong><em>ου’ὃὸς</em></strong></span> 
     </span>
     <span class='ocr_line' id='line_1_40' title="bbox 583 2563 1526 2620; baseline 0.004 -15"><span class='ocrx_word' id='word_1_503' title='bbox 583 2563 828 2617; x_wconf 71' lang='grc' dir='ltr'><strong><em>ἀστεμφής,</em></strong></span> <span class='ocrx_word' id='word_1_504' title='bbox 853 2567 1004 2619; x_wconf 58' lang='lat' dir='ltr'>pidum</span> <span class='ocrx_word' id='word_1_505' title='bbox 1029 2568 1298 2617; x_wconf 78' lang='grc' dir='ltr'><strong><em>διηνεκέεσσι</em></strong></span> <span class='ocrx_word' id='word_1_506' title='bbox 1327 2566 1526 2620; x_wconf 68' lang='grc' dir='ltr'>ἀρηρώς,</span> 
     </span>
    </p>
   </div>
   <div class='ocr_carea' id='block_1_4' title="bbox 531 2626 837 2682">
    <p class='ocr_par' dir='ltr' id='par_1_6' title="bbox 531 2626 837 2682">
     <span class='ocr_line' id='line_1_41' title="bbox 531 2626 837 2682; baseline 0.01 -3"><span class='ocrx_word' id='word_1_507' title='bbox 531 2657 550 2679; x_wconf 84' lang='grc'>.·</span> <span class='ocrx_word' id='word_1_508' title='bbox 583 2626 837 2682; x_wconf 59' lang='grc' dir='ltr'><strong><em>αὐτοφύηῖ»</em></strong></span> 
     </span>
    </p>
   </div>
  </div>
 </body>
</html>
