2428 2915
1209 83 1242 138 9

185 236 362 273 interiora
389 235 556 273 nemoris
582 247 740 284 pergere
767 238 916 284 posset.
973 233 1056 270 Sed
1083 246 1195 284 quum
1221 248 1256 271 v.
1286 231 1365 270 194
1399 233 1447 270 ad
1483 234 1591 282 ipsos
1624 234 1714 270 illos
1741 234 1881 282 gradus
1917 234 2097 271 reductus
2134 233 2265 271 timide

186 298 424 337 altitudinem
452 297 653 347 graduum,
691 310 738 335 ne
765 296 938 342 caderet,
974 295 1074 347 pede
1101 296 1162 334 vel
1197 295 1334 335 baculo
1373 297 1606 347 exploraret,
1644 297 1822 346 gemitum
1860 297 1940 335 edit
1975 310 2069 348 prae
2105 297 2264 348 pudore.

186 361 390 399 Praeterea
418 361 518 399 enim
546 374 621 397 non
649 360 842 410 intelligo,
871 373 936 397 cur
963 358 1015 396 ibi
1044 359 1295 398 calamitatem
1323 372 1432 397 suam
1460 359 1652 409 deploret,
1690 373 1813 411 neque
1848 361 1914 398 alii
1948 361 2123 399 videntur
2157 361 2266 398 intel-

187 424 354 470 lexisse3
390 428 518 461 tacent
552 424 651 461 enim
678 424 916 473 interpretes.
973 422 1193 461 Scholiasta
1220 427 1345 460 tamen
1375 423 1440 460 ille
1469 436 1503 459 v.
1535 420 1584 459 19
1612 422 1711 460 hanc
1739 423 1998 461 difficultatem
2026 426 2201 463 sentiens
2228 429 2267 462 et

187 499 333 525 memor
359 490 513 523 naturae
540 486 628 531 loci,
657 486 874 534 voraginem
901 486 1106 534 significari
1133 491 1236 524 ratus
1258 482 1411 535 πάγον
1435 484 1616 522 substitui
1640 483 1788 536 πέτρῳ
1812 487 1944 534 jussit,
1974 487 2073 524 salso
2098 488 2265 538 quidem,

189 562 316 601 neque
342 552 468 587 tamen
498 549 583 587 sine
610 548 749 587 idonea
777 561 895 586 causa
923 540 1083 587 faciens.
1139 548 1337 587 Perierunt
1365 548 1503 586 deinde
1532 548 1606 586 duo
1635 549 1871 597 Antigonae,
1900 549 2002 599 quod
2028 550 2265 600 antistropha

189 612 321 657 docet,
357 610 555 656 versiculi,
593 610 836 648 exhortatorii
873 610 1038 649 sortasse
1066 612 1166 649 sicut
1192 610 1261 656 ibi,
1297 610 1516 662 Oedipodis
1550 623 1666 656 unuS,
1694 609 1822 648 verbis
1849 606 1888 648 ὦ
1912 624 1992 660 μοι
2017 608 2267 663 δύςφρονος

189 672 302 717 ἄτας
328 676 479 718 similis,
508 675 732 711 exclamatio
764 678 864 711 certe
893 679 932 711 et
959 676 1058 724 ipse.
1112 677 1148 712 A
1177 676 1291 711 choro
1321 675 1460 711 deinde
1489 674 1727 717 admonitus,
1767 688 1814 710 ne
1843 675 2048 711 incolarum
2084 681 2267 725 repugnet

191 738 379 788 religioni,
402 735 516 789 jubet
543 750 586 775 se
614 735 751 774 abduci
788 737 826 773 in
855 750 941 774 eum
968 736 1114 782 locum,
1150 736 1212 775 ubi
1241 737 1301 775 fas
1338 738 1389 774 sit
1426 738 1579 775 versari.
1636 728 1716 775 Sed
1751 750 1865 788 quum
1899 741 2044 788 partem
2079 739 2267 790 quandam

191 802 278 839 viae
302 800 546 845 confecisset,
577 801 613 837 in
641 813 687 838 eo
715 802 787 844 est,
816 803 858 836 ut
885 800 1092 837 consistat:
1122 799 1259 837 chorus
1286 803 1412 837 tamen
1441 799 1535 836 nihil
1564 801 1599 837 ei
1626 801 1840 837 remittens:
1870 813 1917 837 ne
1943 799 1996 837 ibi
2020 802 2101 851 jam
2129 802 2268 852 pedem

191 865 374 915 posuisse
402 862 500 902 velis
511 877 522 909 3
561 876 635 914 quo
664 863 750 900 loco
778 866 842 899 aut
877 875 952 900 non
981 862 1150 911 intelligo
1188 864 1532 913 interpunctionem
1567 867 1658 913 post
1691 861 1834 901 αὑτοῦ
1863 864 2051 912 positam,
2089 868 2154 902 aut
2192 877 2267 902 non

193 926 287 966 fero.
342 927 487 966 Fucum
516 926 659 965 fecisse
692 926 784 965 viris
811 925 936 964 doctis
972 925 1106 977 opinor
1132 922 1249 972 ἅλις,
1289 926 1391 978 quod
1425 926 1607 978 sequitur.
1663 925 1761 964 Mihi
1789 925 1958 972 αὑτοῦ,
1996 927 2031 964 si
2059 927 2163 978 quod
2189 926 2271 965 vult

192 990 413 1027 Wunderus
450 990 659 1039 significat:
697 988 749 1024 ibi
785 990 974 1033 consiste,
1012 990 1399 1040 repugnarevidetur
1437 991 1507 1033 iis,
1545 1002 1642 1040 quae
1679 994 1909 1040 sequuntur:
1944 988 2110 1039 μηκέτι
2145 991 2271 1028 τοῦδ’

154 1086 158 1089 .
193 1050 474 1100 ἀντιπέτρου-
492 1048 698 1101 βήματος
725 1049 816 1093 ἔξω
846 1048 965 1089 πόδα
991 1053 1160 1102 κλίνης,
1189 1065 1286 1102 quae
1315 1053 1362 1089 de
1391 1052 1627 1089 considendo
1650 1057 1806 1101 propter
1834 1050 1991 1097 οὕτως,
2021 1053 2125 1103 quod
2146 1054 2271 1102 sequi-

193 1119 263 1160 tur,
294 1128 368 1153 non
396 1117 562 1166 possunt
589 1127 679 1152 esse
706 1113 820 1159 dicta,
849 1115 1079 1164 cogitatione
1101 1114 1200 1152 adde
1228 1113 1370 1153 κλίνω
1394 1109 1536 1159 πόδας
1574 1114 1622 1151 ad
1651 1111 1814 1155 οὕτωςι
1842 1113 2112 1164 respondetur:
2129 1112 2271 1156 ‘'Ailzs.

194 1178 362 1216 Ἀυτοῦ
390 1177 696 1227 conjungendum
725 1181 786 1214 est
813 1191 898 1215 cum
919 1165 1076 1228 reliquis
1104 1177 1179 1214 hoc
1206 1190 1343 1214 sensu:
1374 1190 1420 1214 ne
1448 1181 1489 1213 tu
1517 1176 1567 1213 ibi
1592 1178 1673 1226 jam
1702 1175 1908 1220 subsistas,
1938 1181 1977 1213 et
2003 1174 2273 1224 ἀντιπέτρου

194 1236 402 1291 βήματος
439 1237 528 1283 ἔξω
564 1241 831 1292 explicationis
867 1242 985 1290 gratia
1019 1245 1108 1278 sunt
1142 1241 1191 1278 ad
1227 1238 1369 1279 αὐτοῦ
1406 1240 1570 1289 adjecta.
1637 1240 1723 1288 Quo
1761 1240 1861 1277 sacto
1900 1239 2077 1290 Oedipus
2112 1241 2273 1278 moleste

199 1305 340 1349 ferens,
366 1316 450 1341 cnm
473 1304 509 1340 in
534 1302 648 1341 humo
665 1303 802 1354 pedem
823 1316 868 1341 se
890 1317 1030 1353 ponere
1052 1304 1221 1348 sentiret,
1251 1299 1407 1349 οὕτως,
1437 1303 1538 1358 itane
1560 1302 1734 1340 demum?
1763 1304 1979 1352 interrogat.
2029 1302 2097 1341 Cui
2120 1303 2273 1349 chorus,

199 1368 264 1419 qui
292 1366 399 1411 nihil,
427 1367 502 1408 nisi
530 1379 577 1403 ne
600 1367 636 1402 in
662 1367 747 1417 ipsa
770 1380 860 1417 rupe
883 1366 1122 1411 subsisteret,
1151 1370 1357 1410 monuerat,
1382 1366 1464 1415 jam
1486 1365 1638 1409 audisti,
1667 1367 1799 1416 inquit,
1829 1367 1881 1403 ita
1904 1366 1998 1403 mihi
2019 1367 2271 1404 satisfactum.

201 1429 379 1479 Oedipus
404 1429 543 1466 deinde
569 1429 697 1478 paullo
729 1429 915 1473 ferocius,
951 1429 1177 1465 standumne
1214 1432 1275 1464 est
1306 1428 1426 1464 mihi?
1462 1428 1675 1475 interrogat.
1733 1429 1889 1478 Anceps
1925 1433 1987 1465 est
2020 1442 2273 1478 responsum3

200 1493 285 1529 seni
314 1503 452 1541 negare
479 1491 611 1527 sedem
639 1492 874 1528 crudelitatis
901 1496 974 1535 est,
1004 1492 1203 1528 considere
1231 1492 1267 1526 in
1293 1494 1407 1533 strue,
1436 1490 1537 1540 quod
1558 1503 1593 1526 v.
1614 1487 1667 1525 37
1696 1490 1885 1534 docemur,
1914 1491 2087 1539 religioni
2116 1492 2273 1529 ducitur.

199 1555 241 1593 ln
271 1556 347 1594 imo
376 1556 487 1605 igitur
516 1554 655 1604 lapidis
683 1556 871 1603 margine,
900 1559 942 1593 ut
968 1558 1058 1604 pote
1089 1554 1249 1591 hnmana
1279 1556 1357 1590 arte
1386 1553 1535 1596 addito,
1565 1557 1780 1591 contractus
1808 1557 1849 1591 ut
1878 1554 2052 1592 considat
2080 1553 2276 1605 (λέχριος

202 1613 427 1664 ὀκλάσας)
456 1616 594 1655 chorus
623 1618 659 1655 ei
688 1617 875 1663 concedit,
905 1617 952 1655 cf.
977 1616 1106 1654 Herm.
1136 1616 1185 1653 ad
1207 1613 1296 1660 190,
1325 1615 1397 1653 sed
1424 1619 1499 1653 tam
1529 1615 1603 1653 alte
1628 1628 1766 1667 corpus
1792 1616 2001 1667 deprimere
2023 1629 2163 1656 caecus
2192 1620 2277 1657 sine

201 1686 367 1719 extrema
395 1681 616 1717 difficultate
645 1682 795 1729 nequit:
825 1680 1008 1730 quidquid
1029 1680 1094 1728 pia
1121 1681 1158 1715 in
1187 1684 1293 1728 patre
1317 1678 1553 1715 sublevando
1580 1679 1726 1715 laborat
1750 1680 1839 1722 filia,
1867 1679 2139 1717 imbecillitatis
2159 1695 2277 1718 sensu

202 1742 359 1782 obrutus
386 1744 519 1782 iterum
548 1744 750 1781 exclamat:
779 1741 834 1781 ἴω
859 1742 941 1793 μοί
964 1756 1041 1791 μοι
1070 1746 1109 1780 et
1136 1736 1174 1781 (ὅ
1200 1755 1278 1790 μοι
1304 1737 1554 1791 δύςφρονος
1582 1736 1703 1784 ἄτας.

410 1806 508 1843 Tum
535 1806 673 1861 chorus
701 1806 889 1843 sciscitari
912 1805 1129 1856 Oedipodis
1153 1805 1335 1855 originem
1360 1817 1482 1856 eaque
1504 1809 1696 1855 comperta
1718 1806 1938 1856 perterritus
1967 1807 2091 1857 ipsum
2113 1806 2276 1858 abigere,

201 1870 417 1919 Antigonae
444 1872 569 1907 tamen
597 1868 862 1906 blandissimis
891 1868 1080 1918 precibus,
1110 1869 1234 1918 ipsius
1261 1869 1368 1905 senis
1396 1867 1753 1913 exclamationibus,
1782 1869 2064 1907 misericordiae
2092 1883 2185 1908 suae
2213 1884 2276 1920 pa-

202 1934 373 1984 triaeque
399 1933 552 1969 utilitati
579 1932 801 1985 concedere,
829 1932 916 1969 dum
945 1932 1074 1969 veniat
1102 1931 1292 1968 Theseus.
1351 1931 1427 1978 Qui
1456 1931 1543 1967 dum
1573 1936 1835 1980 exspectatur,
1871 1934 2059 1981 conspicit
2086 1934 2276 1982 Antigone

203 1994 392 2032 Ismenam
428 2006 595 2031 sororem
634 2007 732 2044 equo
769 1997 935 2037 vectam,
980 2006 1092 2030 cursu
1128 1993 1321 2030 celerrimo
1359 1993 1408 2030 ad
1446 1994 1555 2043 ipsos
1591 1997 1918 2043 approperantem.
1975 1994 2084 2041 Quae
2123 2000 2279 2045 propter

204 2069 342 2109 equum
370 2069 446 2093 non
468 2056 615 2093 videtur
640 2057 715 2092 alio
745 2056 830 2092 loco
853 2056 927 2093 nisi
955 2069 1024 2106 per
1045 2055 1261 2093 orchestrae
1286 2059 1435 2105 portam
1463 2056 1654 2092 sinistram
1683 2056 1818 2092 intrare
1846 2057 2034 2105 potuisse,
2063 2057 2111 2094 de
2141 2070 2216 2108 qua
2239 2072 2280 2096 re

204 2119 292 2156 vide
321 2119 536 2157 Genellium
563 2132 600 2168 p.
631 2116 721 2163 174,
752 2118 923 2169 Geppert
950 2117 1014 2156 fib.
1041 2118 1078 2155 d.
1107 2118 1217 2166 Eing.
1245 2131 1282 2167 p.
1301 2115 1369 2163 36,
1397 2122 1436 2155 et
1464 2130 1561 2168 quae
1589 2116 1737 2154 duobus
1763 2117 1903 2154 abhinc
1930 2119 2042 2155 annis
2071 2119 2279 2169 disputavi,

204 2181 323 2220 Meld.
352 2180 529 2232 Schulpr.
558 2178 683 2227 1814,
712 2181 903 2220 excidisse
931 2181 1030 2233 apud
1060 2180 1255 2218 Pollucem
1290 2183 1382 2230 post
1414 2175 1686 2221 εἰσελθόντες
1718 2176 1764 2217 δὲ
1800 2179 1932 2217 verba:
1970 2177 2036 2230 ἐφ’
2075 2179 2221 2222 ἵππου
2251 2180 2280 2233 ἢ

205 2243 283 2283 καὶ
310 2240 520 2292 ἁμαξῶν,
548 2249 590 2282 ut
617 2244 719 2296 quod
745 2245 939 2298 praecedit
966 2242 1091 2288 πέᾶοι
1120 2243 1270 2287 babeat,
1297 2243 1400 2293 quod
1428 2245 1462 2281 ei
1492 2243 1733 2293 respondeat.
1790 2242 2003 2290 Quo-sacto
2027 2247 2282 2296 supersedere

206 2308 413 2358 poterimus
435 2306 656 2343 Buttmanni
678 2311 890 2345 commento
919 2307 1186 2345 contendentis
1215 2303 1342 2349 πέᾶοι
1364 2307 1591 2354 significare,
1620 2307 1683 2356 qui
1704 2309 1814 2349 terra,
1843 2319 1918 2343 non
1946 2309 2039 2344 mari
2063 2309 2281 2348 adventant.

206 2368 292 2407 Jam
317 2372 443 2420 patet,
481 2381 556 2420 quo
584 2368 702 2405 altera
732 2368 835 2407 illius
868 2381 937 2419 per
965 2368 1196 2406 orchestram
1234 2368 1317 2405 viae
1347 2381 1435 2418 pars
1462 2371 1610 2417 vergat:
1648 2366 1808 2405 Thebas
1844 2367 2018 2414 deducit,
2056 2371 2145 2409 inde
2182 2374 2284 2411 enim

206 2430 312 2469 venit
336 2428 501 2469 Ismena.
555 2431 607 2469 At
635 2434 788 2469 venerat
813 2431 927 2468 etiam
955 2430 1060 2467 illinc
1083 2430 1271 2481 Oedipus,
1300 2431 1366 2481 qui
1391 2434 1516 2468 tamen
1538 2431 1641 2479 regia
1669 2434 1779 2481 porta
1805 2443 1961 2469 scenam
1984 2433 2183 2483 ingressus
2210 2441 2283 2474 est.

207 2492 331 2530 Recte
357 2495 418 2528 tuz
455 2493 579 2531 duae
617 2494 766 2543 igitur
802 2505 823 2531 e
857 2493 1118 2544 proscenio
1154 2496 1328 2543 patent
1363 2494 1471 2529 viae
1507 2491 1798 2538 Thebanae,
1833 2494 1929 2532 inter
1965 2508 2062 2547 quas
2089 2497 2285 2537 Furiarum

208 2554 317 2592 lucus
357 2553 509 2593 medius
551 2556 703 2606 fingitur
743 2569 832 2594 esse
874 2555 1097 2605 interjectus
1113 2584 1123 2599 ,
1174 2568 1242 2604 per
1269 2559 1416 2605 portam
1460 2557 1600 2605 regiam
1642 2557 1782 2601 altera,
1825 2558 1943 2596 altera
1984 2573 2053 2610 per
2095 2563 2286 2601 sinistram

210 2616 441 2659 orchestrae.

1897 2682 1927 2722 2
